2055 3122
179 104 232 132 863

515 99 545 127 S.
562 97 702 135 JOANNIS
721 93 964 126 CIIRYSOSTOMI
981 91 1140 122 ARCHIEP.
1157 88 1428 120 CONSTANTINOP.

1723 105 1729 113 .
1742 63 1796 112 tu

187 235 1787 269 mw

631 419 838 466 SANCTI
887 415 1096 462 PATRIS
1140 413 1360 460 NOSTRI

183 625 742 734 JOANNIS
795 615 1796 744 CHRYSOSTOMI,

599 884 900 918 ARCHIEPISCOPI
934 878 1410 915 CONSTANTINOPOLITANI

341 1064 758 1134 ADVERSUS
803 1061 1122 1128 JUDZEOS
1170 1055 1644 1124 ORATIONES.

478 1527 575 1547 ORATIO
594 1525 683 1544 PHIIA.

231 1591 255 1616 Ι.
270 1588 344 1622 Quod
361 1589 490 1621 reliquum
504 1591 561 1614 erat
574 1585 692 1612 materia:
702 1604 708 1616 ,
723 1583 756 1610 de
770 1589 820 1617 qua
837 1588 920 1614 nuper
936 1587 983 1605 vo-

193 1636 235 1662 bis
248 1635 361 1662 dissi-rui
374 1655 380 1665 ,
398 1633 481 1659 Deum
494 1630 672 1666 comprehendi
686 1637 735 1656 non
751 1636 823 1663 posse
837 1635 845 1654 :
861 1626 885 1653 id
903 1625 982 1652 hodie

191 1680 332 1707 absolvere
344 1683 371 1705 et
383 1677 523 1705 dilucidius
536 1677 631 1703 docere
643 1674 774 1704 volebam.
788 1673 824 1699 De
835 1672 884 1698 hoc
893 1671 962 1698 enim
973 1691 981 1704 ,

195 1725 327 1760 prmlerita
347 1724 389 1750 die
409 1723 540 1750 dominica
555 1742 562 1754 ,
581 1726 682 1747 tantum
698 1719 839 1746 verborum
854 1738 862 1751 ,
877 1721 983 1751 tamque

195 1770 303 1804 copiose
326 1769 452 1798 iecimus.
474 1766 608 1801 productis
630 1765 744 1796 llesaia,
764 1763 881 1795 Davide,
904 1767 983 1796 atque

196 1815 277 1842 l‘anlo
292 1813 412 1841 testibus.
429 1813 494 1840 Nam
507 1812 560 1843 ille,
576 1810 766 1838 Generationem
781 1809 836 1843 ejus
848 1807 904 1843 quis
914 1814 985 1833 enar-

195 1861 259 1887 rnbit
275 1859 376 1894 (Hemi.
397 1859 440 1886 55.
457 1858 484 1894 8)
501 1858 512 1884 τ’
534 1856 681 1888 clamabat;
701 1855 745 1882 hic
766 1853 837 1889 quod
861 1859 983 1888 compre-

197 1907 276 1934 hendi
293 1914 343 1932 non
358 1911 455 1940 posset,
471 1904 569 1938 gratias
584 1902 633 1938 ipsi
646 1909 726 1937 agens
738 1921 746 1935 ,
761 1899 902 1934 Conﬁtebor
923 1898 983 1930 tibi,

196 1953 320 1983 dicebat,
344 1952 403 1985 quia
424 1949 567 1976 terribiliter
589 1948 765 1984 magnificatus
787 1953 812 1972 es
832 1953 841 1972 :
861 1942 987 1970 mirabilia

196 2007 273 2032 opera
283 2003 326 2024 tua
342 1996 432 2032 (Psal.
445 1995 505 2022 158.
521 1995 553 2022 i4
565 1993 584 2029 ).
601 1993 635 2020 Et
649 1999 765 2024 rursum,
781 1989 905 2018 Mirabilis
919 1989 987 2024 facta

196 2050 232 2070 est
245 2044 348 2070 scientia
361 2048 404 2069 tua
418 2050 448 2069 ex
462 2049 516 2073 me;
532 2042 674 2075 confortata
685 2042 721 2065 est
730 2058 738 2071 ,
751 2041 776 2064 et
788 2044 837 2063 non
856 2040 942 2070 potero
955 2033 988 2060 ad

196 2097 251 2116 mm
271 2088 357 2124 (Ibid.
371 2096 394 2113 υ.
408 2087 425 2114 6
435 2088 454 2120 ).
470 2087 503 2112 At
516 2085 612 2112 Paulus
626 2091 678 2111 non
691 2082 725 2109 ad
738 2083 822 2116 ipsam
837 2081 883 2107 Dei
897 2086 987 2107 essen-

197 2137 261 2162 tiam
276 2133 442 2169 respiciebat,
454 2132 499 2159 sed
514 2131 546 2158 ad
561 2131 619 2165 ejus
630 2130 768 2157 dumtaxat
780 2126 987 2162 providentiam:

197 2182 260 2216 quin
277 2181 355 2215 hujus
369 2179 449 2206 etiam
464 2177 592 2212 particula
615 2175 701 2202 solum
715 2193 722 2205 ,
738 2180 817 2208 quam
830 2172 856 2199 in
872 2171 989 2206 gentium

199 2226 337 2254 vacatione
357 2225 581 2254 demonstrasset,
598 2223 737 2255 percepta,
751 2217 832 2244 veluti
845 2221 948 2243 vastum
963 2218 991 2241 et

199 2274 359 2300 immensum
374 2277 447 2296 tnare
459 2267 636 2302 conspicatus,
650 2265 688 2292 sic
700 2262 882 2291 exclamabat:
897 2260 919 2288 0
930 2260 989 2287 alti-

199 2318 260 2345 tudo
275 2317 418 2343 divitiarum
439 2320 461 2341 et
479 2313 607 2348 sapientia
620 2316 641 2338 et
656 2310 763 2338 scientia:
778 2309 823 2336 Dei
836 2308 846 2336 !
859 2315 935 2344 quam
948 2307 989 2334 in-

198 2362 345 2390 scrutobilia
363 2365 420 2388 sunt
434 2359 534 2394 judicia
555 2359 625 2393 ejus,
641 2361 663 2384 et
681 2354 862 2390 investigabiles
876 2353 922 2380 via:
937 2353 991 2388 ejus

200 2410 209 2443 (
223 2409 296 2436 Rom.
311 2408 354 2435 il.
366 2407 400 2434 55
413 2406 434 2440 ).
447 2406 533 2440 Atque
547 2403 597 2431 hoc
609 2403 674 2431 satis
686 2400 919 2429 demonstrationis
931 2406 991 2427 esse

199 2458 304 2491 poterat
325 2461 333 2479 :
353 2460 402 2487 ego
418 2458 479 2478 vero
499 2457 551 2477 non
568 2448 754 2484 prophetarum
772 2445 930 2473 testimoniis
953 2443 989 2471 fui

200 2504 341 2529 contentus
351 2520 358 2531 ,
373 2506 425 2526 non
440 2497 467 2524 in
481 2495 635 2531 apostolicis
647 2493 752 2521 substiti
767 2500 774 2525 ;
795 2491 841 2519 sed
857 2492 883 2518 in
897 2490 990 2518 cadum

200 2545 308 2574 ascendi
317 2565 325 2577 ,
339 2544 448 2571 cbormn
466 2542 621 2577 angelorum
635 2539 710 2567 vobis
724 2537 880 2570 mOnstravi,
894 2536 938 2571 qui
951 2534 992 2562 di-

200 2598 289 2621 ceret:
305 2592 393 2619 Gloria
407 2591 433 2617 in
445 2588 575 2616 altissimis
589 2587 657 2619 Deo,
672 2586 732 2612 etin
747 2589 813 2611 terra
825 2591 875 2618 pax
885 2604 892 2615 ,
907 2583 932 2608 in
943 2582 990 2608 ho<

201 2639 308 2665 minibus
327 2636 506 2671 beneplucitum
526 2633 607 2670 (Luc.
627 2633 654 2659 2.
671 2631 734 2666 tl).
757 2629 886 2657 Audiistis
907 2628 990 2655 Sera-

202 2685 273 2718 phim
289 2690 380 2710 rursus
393 2688 453 2708 cum
467 2685 575 2714 stupore
589 2682 617 2705 et
630 2677 740 2704 horrore
752 2675 888 2702 clamitare
897 2694 904 2706 ,
922 2673 991 2700 San-

202 2736 255 2756 ctus
265 2750 271 2759 ,
285 2733 401 2759 sanctus,
421 2731 522 2753 sanctus
542 2724 665 2751 Dominus
678 2721 828 2749 exercituum
844 2728 852 2747 :
865 2721 940 2754 plena
955 2724 991 2746 est

236 2778 243 2790 ι
261 2778 285 2799 ιιι
296 2781 340 2798 sex
359 2772 471 2797 Hotnilias
489 2774 572 2796 contra
585 2769 680 2794 Judzcos
696 2768 802 2799 vidimus
814 2766 994 2799 Vcoddkttegios

203 2796 437 2834 txis',?'iiioo.'ioos,
449 2803 518 2830 mut,
528 2801 600 2834 gojs,
617 2800 693 2825 2900:
706 2798 770 2824 Coll).
792 2798 846 2829 247,
862 2796 921 2828 248,
937 2796 993 2826 564,

203 2837 259 2867 (ΕΩ,
268 2831 338 2866 5055,
353 2835 411 2860 5001
426 2841 432 2858 :
445 2834 515 2858 Coisl.
526 2831 579 2857 362.

1034 1504 1117 1530 omnis
1128 1507 1193 1529 terra
1206 1503 1286 1538 gloria
1300 1502 1353 1537 ejus
1364 1500 1464 1535 (llesai.
1479 1500 1504 1526 6.
1519 1498 1557 1533 3).
1574 1498 1668 1524 Addidi
1682 1502 1708 1525 et
1723 1497 1825 1524 Cha-u-

1036 1548 1090 1575 bitn
1110 1548 1271 1576 clamantes.
1292 1546 1427 1573 Benedicta
1439 1545 1519 1580 gloria
1533 1543 1635 1570 Domini
1653 1543 1683 1569 de
1703 1543 1757 1570 loco
1772 1543 1828 1576 ejus

1039 1592 1149 1628 (Ezeclt.
1164 1589 1254 1625 5.12).
1265 1587 1333 1617 Tres
1341 1588 1368 1616 in
1389 1590 1476 1620 terrisl
1488 1588 1596 1615 totidem
1610 1588 1635 1614 in
1647 1587 1718 1614 curiis
1732 1591 1827 1620 testes,

1037 1639 1069 1666 ad
1084 1639 1128 1666 Dei
1143 1638 1309 1673 maiestatem
1323 1635 1456 1672 perveniri
1470 1634 1539 1662 baud
1555 1641 1631 1668 posse
1645 1633 1829 1661 ostenderant.

1038 1683 1151 1711 Proinde
1162 1687 1234 1710 certa
1250 1689 1345 1716 Inagno
1359 1689 1418 1708 cum
1433 1680 1559 1716 applausu
1575 1679 1654 1706 litabat
1665 1678 1835 1704 demonstra-

1038 1730 1092 1762 tio;
1108 1729 1240 1755 theatrum
1252 1726 1431 1755 incalescebat
1443 1734 1449 1752 :
1463 1730 1548 1752 coetus
1562 1724 1712 1751 auditorum
1726 1723 1842 1750 inllam-'

1038 1774 1169 1802 mabatur.
1186 1772 1276 1807 Neque
1291 1779 1354 1798 vero
1368 1778 1418 1805 ego
1436 1777 1479 1797 me
1494 1769 1594 1796 laudari
1607 1768 1765 1801 gaudebam,
1781 1767 1830 1794 sed

1039 1819 1179 1846 Dominum
1202 1825 1291 1845 meum
1312 1816 1433 1844 laudibus
1445 1814 1584 1842 cumulari.
1601 1813 1666 1840 Nam
1688 1813 1834 1847 applausus

1039 1869 1118 1899 atque
1137 1863 1195 1890 laus
1213 1863 1263 1889 ista
1278 1862 1428 1888 animorum
1442 1864 1590 1887 vestrorum
1609 1859 1635 1885 in
1654 1858 1736 1885 Deum
1753 1865 1830 1884 amo-

1041 1917 1098 1937 rem
1112 1907 1368 1936 commonstrabant.
1383 1906 1417 1933 Et
1429 1903 1652 1940 quemadmodum
1673 1903 1741 1930 servi
1754 1924 1761 1934 ,
1783 1902 1833 1929 he-

1039 1963 1098 1984 rum
1112 1955 1216 1982 sincere
1226 1957 1357 1985 amantes,
1368 1952 1438 1979 hunc
1449 1951 1550 1978 laudari
1562 1950 1582 1976 si
1596 1950 1712 1979 audiant,
1722 1949 1835 1984 ﬂagrant

1041 2000 1174 2029 desiderio
1187 1999 1244 2034 ejus
1254 1999 1298 2033 qui
1313 1997 1449 2033 praedicat,
1464 1996 1525 2031 quia
1539 1995 1595 2022 heri
1613 2002 1704 2022 amore
1717 1994 1813 2022 ardent
1825 2002 1833 2020 :

1041 2046 1074 2074 ad
1089 2045 1210 2074 eumdem
1225 2044 1304 2072 etiam
1319 2043 1425 2070 modum
1440 2049 1486 2068 vos
1497 2041 1612 2068 maximo
1628 2044 1690 2066 tunc
1701 2037 1831 2073 a'pplausn

1041 2100 1159 2120 amorem
1174 2099 1235 2125 erga
1248 2090 1388 2118 Dominum
1400 2089 1462 2115 satis
1474 2086 1639 2114 declarastis.
1650 2085 1775 2112 Volebam
1790 2084 1836 2119 igi-

1042 2141 1085 2164 tur
1094 2141 1121 2164 et
1130 2136 1209 2164 hodie
1222 2136 1248 2162 in
1260 2139 1394 2162 certamen
1404 2132 1468 2160 illud
1481 2130 1652 2159 descendere.
1669 2129 1734 2156 Nam
1749 2130 1771 2156 si
1785 2136 1834 2156 ve-

1042 2183 1128 2211 ritatis
1143 2182 1233 2210 hostes
1245 2181 1318 2208 nulla
1330 2179 1400 2214 capit
1417 2178 1526 2205 satietas
1542 2176 1723 2204 conviciorum
1745 2176 1770 2202 in
1787 2175 1833 2202 be-

1042 2229 1155 2267 nelicum
1168 2237 1174 2254 :
1190 2229 1274 2254 multo
1285 2226 1369 2260 magis
1381 2233 1429 2252 nos
1440 2222 1593 2258 inexplebili
1605 2222 1751 2256 cupiditate
1764 2220 1837 2247 cele-

1042 2265 1135 2303 brandi
1149 2274 1231 2300 Dettm
1245 2272 1428 2299 universorum
1442 2268 1536 2296 ardere
1548 2268 1633 2294 decet.
1651 2265 1704 2294 Sed
1718 2265 1779 2300 quid
1794 2265 1836 2292 l'a-

1042 2320 1111 2347 ciam
1123 2319 1134 2346 ἵ
1148 2313 1223 2346 Alius
1233 2317 1404 2353 gravissimus
1415 2314 1523 2342 morbus
1534 2313 1630 2347 linguae
1642 2317 1738 2339 nostrae
1751 2310 1838 2337 medi-

1042 2366 1130 2394 cinam
1143 2364 1254 2399 ﬂagitat,
1269 2362 1378 2389 morbus
1391 2361 1418 2388 in
1429 2359 1555 2387 Ecclesiae
1564 2364 1677 2392 corpore
1692 2356 1795 2383 insitus.
1814 2355 1837 2381 ls

1043 2412 1117 2446 prius
1132 2415 1173 2437 est
1191 2407 1324 2436 tollendus
1339 2415 1346 2440 ;
1364 2406 1426 2434 dein
1442 2409 1593 2432 exterarum
1613 2409 1675 2429 cura
1696 2400 1813 2435 gerenda
1828 2409 1834 2426 :

1044 2457 1116 2493 prius
1128 2454 1346 2486 domesticorum,
1361 2456 1452 2487 postea
1464 2454 1651 2477 extraneorum
1665 2446 1785 2473 habenda
1797 2449 1839 2471 οδι

1047 2503 1127 2530 ratio.

1083 2546 1219 2575 Christiani
1229 2545 1333 2580 quidam
1347 2541 1495 2570 Autioclteni
1507 2540 1655 2567 Judworum
1673 2537 1742 2572 festis
1756 2537 1836 2562 inter-

1045 2597 1156 2621 erant.—
1163 2591 1275 2626 Quinam
1284 2593 1325 2617 est
1343 2588 1450 2615 morbus
1459 2586 1528 2614 iste?
1542 2584 1625 2612 Feria:
1631 2583 1783 2611 Judmorum
1793 2581 1839 2608 mi-

1033 2645 1165 2666 ‘5erorum
1181 2640 1260 2670 atque
1274 2639 1484 2662 arumnosorum
1506 2630 1638 2658 continua:
1648 2633 1674 2655 et
1686 2627 1838 2661 frequentes

1046 2686 1160 2712 instant:
1172 2682 1264 2714 Tubaa,
1279 2678 1451 2714 Scenopegia:
1461 2697 1469 2710 ,
1482 2675 1583 2710 Jejunia
1596 2683 1602 2700 ε
1617 2678 1643 2701 et
1661 2672 1735 2700 multi
1751 2671 1835 2698 nostri

1046 2729 1157 2761 ordinis,
1171 2728 1217 2763 qui
1230 2734 1259 2754 se
1273 2726 1409 2753 nobiscum
1429 2723 1528 2750 sentire
1543 2721 1643 2750 dicunt,
1664 2718 1760 2753 partim
1776 2724 1838 2750 spe-

1048 2779 1148 2802 ctatam
1172 2758 1230 2800 illas
1251 2771 1329 2799 ferias
1350 2769 1491 2805 prodeunt,
1513 2766 1608 2801 partim
1621 2765 1700 2792 etiam
1719 2758 1770 2789 una
1793 2769 1840 2788 ce-

1047 2821 1162 2854 lebrant,
1176 2827 1226 2846 una
1239 2818 1360 2853 jejunant
1375 2825 1382 2844 ι
1400 2822 1478 2850 quam
1494 2819 1601 2848 pravam
1620 2807 1840 2838 consuetudinem
