2043 3116
235 161 287 190 845

234 233 303 253 nunc
316 226 348 252 ab
363 225 478 252 Ecclesia
490 224 548 252 volo
561 232 661 252 arcere.
672 224 735 252 Nam
745 224 824 252 verba
838 230 929 252 contra
944 227 1016 253 Ano-

232 279 317 298 mams
343 272 394 298 alio
420 278 537 305 tempore
562 272 615 298 lieri
640 276 778 306 poterunt,
803 279 852 299 nec
875 272 1018 307 quidquam

233 316 321 343 damni
347 322 455 350 propter
482 324 582 342 moram
608 316 722 348 facietis;
749 316 902 343 Judaeorum
930 322 1017 344 autem

232 362 326 389 morbo
341 368 477 395 correptos
496 363 543 388 nisi
556 362 609 396 jam
623 363 801 389 curaverimus
811 383 817 394 ,
829 363 892 389 dum
908 370 961 397 prae
977 362 1016 389 fo-

232 409 305 434 ribus
326 408 429 434 illorum
451 408 522 434 feria:
537 415 669 442 prOpeque
682 408 786 440 adsunt,
800 416 894 435 vereor
908 415 940 434 ne
952 408 1018 435 forte

235 454 340 488 quidam
367 453 548 487 intempestiva
567 454 758 480 consuetudine
781 461 926 488 magnaque
945 454 1019 488 igno-

234 499 318 525 rantia
329 499 431 525 illorum
444 499 565 532 nequitia:
575 502 712 525 consortes
724 500 795 530 lianl,
808 503 886 532 atque
894 498 1018 531 deinceps

233 543 328 570 frustra
344 543 376 570 de
390 543 430 570 his
444 544 523 569 verba
537 543 672 570 faciamus.
684 543 711 570 Si
725 543 794 569 enim
807 543 871 569 nihil
886 543 1017 570 audiendo

234 588 313 615 hodie
326 596 384 616 cum
400 590 450 617 illis
465 589 616 623 jejunariut,
632 593 784 624 perpetrato
797 594 915 624 peceato,
932 597 1019 616 reme-

232 633 304 660 dium
321 633 417 660 frustra
430 633 622 661 adhibebimus.
635 634 720 666 Quare
734 634 765 660 ad
782 633 1017 668 priroccupandutn

232 680 363 714 impellor.
378 680 446 707 Idem
461 681 540 707 etiam
560 680 657 707 medici
672 681 696 706 in
714 680 867 714 urgentibus
882 684 908 706 et
921 679 1018 706 acutis-

231 725 305 752 simis
317 726 417 752 morbis
428 726 579 758 observant,
593 733 659 760 quos
671 726 741 760 prius
753 733 846 752 curare
860 725 1016 752 instituunt:

853 169 1032 199 ADVERSUS
1049 170 1200 200 JUDAIOS.
1221 170 1242 199 l.

1595 184 1633 192 '-

1805 176 1861 206 8ιῦ

1073 227 1130 256 illas
1144 229 1285 266 cupiendo.
1297 230 1360 260 Duri
1371 233 1484 269 cervice,
1495 234 1579 270 probe
1589 236 1629 264 sic
1638 243 1684 265 eos
1696 239 1855 274 appellavit:

1072 281 1124 300 non
1138 275 1208 301 enim
1224 275 1317 310 jugum
1331 276 1427 305 Christi
1440 285 1587 314 portarunt,
1601 282 1662 310 licet
1676 291 1758 312 suave
1769 291 1855 320 esset,

1070 325 1120 345 nec
1145 319 1288 354 quidquam
1310 323 1398 350 oneris
1422 328 1468 351 aut
1492 325 1620 353 molestia:
1645 327 1765 356 haberet.
1791 330 1856 358 Nam

1071 361 1164 390 Discite
1180 372 1196 390 a
1209 373 1256 396 me,
1271 366 1365 400 inquit.
1376 368 1434 402 quia
1449 369 1516 396 mitis
1536 378 1606 404 sum,
1621 376 1643 398 et
1653 372 1754 401 humilis
1766 375 1852 409 corde,

1068 412 1106 438 et,
1122 407 1213 436 Tollite
1221 410 1313 445 jugum
1327 420 1408 439 meum
1429 422 1505 449 super
1517 423 1559 442 vos
1569 436 1576 448 ,
1595 417 1653 452 quia
1664 419 1756 454 jugth
1774 429 1856 449 meum

1069 461 1144 479 triave
1157 459 1203 487 est,
1215 460 1237 481 et
1251 463 1313 482 onus
1328 465 1408 484 meum
1419 459 1471 486 leue
1485 460 1591 494 (Matth.
1608 463 1651 489 11.
1666 463 1711 491 29.
1727 465 1783 500 50).
1798 466 1856 494 Non

1071 497 1215 525 tolerarunt
1234 505 1331 534 tamen,
1346 502 1379 529 ob
1392 504 1504 531 cervicis
1518 505 1639 534 duritiem
1655 517 1663 535 :
1677 497 1768 545 neque
1777 512 1855 539 modo

1070 549 1122 569 non
1137 544 1293 577 tolerarunt,
1306 547 1354 574 sed
1365 552 1392 574 et
1401 549 1586 585 confregerunt
1599 557 1625 580 et
1636 559 1773 589 ruperunt.
1788 555 1854 584 Nam

1072 588 1094 614 Α
1108 590 1209 623 chulo,
1227 591 1320 626 inquit,
1336 596 1481 630 confregisti
1488 596 1581 631 jugum
1595 588 1683 632 tuum,-
1696 602 1786 635 rupisti
1798 603 1855 629 vin-

1069 634 1126 660 cula
1141 639 1183 661 tua
1196 635 1298 669 (Jerem.
1312 637 1339 664 2.
1350 639 1395 666 ρο.
1409 640 1464 666 vide
1475 645 1498 667 et
1512 642 1538 668 5.
1552 642 1578 669 5.
1590 643 1647 670 item
1657 643 1729 671 Psal.
1743 644 1770 672 2.
1782 654 1806 673 υ.
1814 647 1853 682 5).

1068 678 1126 706 Non
1142 679 1215 707 Pauli
1228 681 1285 709 haec
1296 688 1357 710 Sunt
1371 685 1449 712 verba
1460 706 1467 718 ,
1483 687 1529 713 sed
1543 688 1670 722 propheta
1685 690 1797 725 clamat,
1808 678 1854 726 ju-

1068 732 1128 759 gum
1149 731 1175 752 et
1195 727 1298 754 vincula
1323 729 1426 763 imperii
1448 736 1525 759 notas
1544 733 1655 761 dicens:
1676 735 1735 769 quia
1755 736 1854 765 Christi

231 771 338 798 omnino
361 776 447 798 autem
473 771 523 798 hoc
547 776 681 799 certamen
704 771 784 806 priori
804 775 845 798 est
863 775 1054 806 cognatum./
1069 769 1215 798 dominium
1238 772 1322 800 Judtei
1344 781 1511 810 respuerunt,
1535 785 1594 804 cum
1619 779 1740 808 dicerent
1762 791 1770 809 :
1792 781 1854 810 Non

230 815 299 850 Quia
315 817 384 843 enim
401 817 522 852 impietas
532 816 683 844 Iudaeorum
697 822 724 844 et
736 817 925 844 Auomaeorum
938 815 1017 844 afline

229 862 292 897 quid
309 862 399 893 habet,
415 865 562 889 certamina
583 863 661 889 etiam
677 870 756 892 nunc,
769 862 898 896 prioribus
911 861 1015 894 al'linia,

230 908 308 934 nobis
323 915 382 935 sese
392 907 516 935 offerunt.
532 907 597 934 Nam
612 908 682 942 quod
696 907 778 934 Judaei
792 908 892 934 crimen
908 907 1016 941 objicie-

230 953 303 986 bant,
322 953 390 980 idem
406 953 537 980 intentant
554 960 659 988 quoque
679 953 810 980 Auomeei.
825 953 893 987 Quid
911 953 1015 980 crimini

229 995 330 1022 dabant
356 997 417 1023 illi?
436 998 512 1028 Quod
529 997 655 1024 Christus
673 997 755 1024 Deum
776 997 882 1024 Patrem
900 998 1013 1029 diceret,

228 1048 311 1075 seque
328 1042 415 1075 ipsum
430 1041 475 1068 Dei
492 1042 621 1077 :equalem
641 1042 741 1069 faceret
763 1042 854 1077 (Joau.
871 1050 896 1071 v.
915 1042 970 1077 18).
987 1041 1014 1069 id

227 1086 254 1112 in
271 1087 375 1114 crimen
392 1088 474 1114 etiam
496 1088 524 1114 hi
548 1088 661 1115 trahunt
680 1098 686 1115 :
707 1089 771 1123 quin
787 1091 878 1122 potius
895 1096 948 1114 non
961 1092 1016 1114 tra-

228 1131 308 1165 hunt,
325 1133 370 1160 sed
388 1133 490 1160 dictum
510 1133 624 1169 ejusque
641 1134 805 1160 sententiam
829 1134 931 1166 delent,
952 1134 1015 1161 licet

227 1184 283 1204 non
303 1186 397 1208 manu.
411 1184 438 1206 at
451 1179 619 1210 cogitatione
629 1183 712 1210 atque
728 1180 830 1207 animo.

263 1222 291 1249 2.
312 1222 402 1256 Neque
426 1230 490 1250 vero
512 1223 661 1256 miremini,
683 1224 753 1258 quod
778 1224 882 1250 .ludreos
903 1223 1014 1251 miseros

228 1267 350 1295 dixerim.
365 1268 468 1295 Revera
485 1270 554 1296 enim
575 1269 663 1296 miseri
679 1274 740 1296 sunt
753 1274 832 1303 atque
851 1269 1012 1302 aerumnosi,

228 1315 272 1349 qui
288 1319 324 1341 tot
339 1315 405 1342 bona
417 1315 518 1342 ca-litus
526 1315 574 1341 sibi
590 1315 614 1341 iu
627 1322 719 1341 manus
731 1316 815 1342 delata
830 1315 1012 1350 repudiarunt,

228 1359 371 1393 deditoque
385 1366 464 1393 opera
479 1360 636 1394 rejecerunt.
652 1359 732 1386 Ortus
749 1365 790 1386 est
804 1360 855 1386 illis
870 1361 1014 1387 matutinus

227 1404 335 1438 iustitiae
352 1405 402 1437 sol,
417 1410 445 1431 et
459 1405 507 1439 ipsi
526 1406 632 1439 quidem
643 1427 649 1437 ,
665 1406 745 1432 radiis
761 1406 883 1439 repulsis.
899 1406 924 1432 in
941 1411 1014 1432 tene-

228 1450 282 1477 bris
302 1451 394 1478 sedeut
409 1461 415 1477 :
432 1457 458 1478 at
477 1459 524 1478 nos
542 1453 582 1478 his
602 1452 720 1479 innutriti
737 1453 821 1479 lucem
842 1453 874 1479 ad
893 1460 941 1479 nos
963 1453 1012 1486 ipsi

227 1497 416 1531 pertraximus,
440 1498 591 1531 errorisque
605 1499 716 1532 caligine
737 1498 838 1524 liberati
854 1505 955 1524 sumus.
974 1497 1013 1524 Illi

227 1541 324 1568 radicis
337 1546 435 1568 sanctae
455 1543 520 1568 rami
534 1547 626 1574 erant,
642 1543 687 1569 seti
703 1543 776 1569 fracti
789 1547 851 1570 sunt
868 1542 954 1578 (Rom.
969 1543 1010 1570 11.

227 1587 272 1615 16.
288 1586 332 1622 17)
346 1597 352 1614 :
367 1595 415 1613 nos
429 1595 480 1614 non
495 1595 599 1614 eramus
615 1589 711 1615 radicis
731 1589 887 1622 participes,
908 1593 935 1616 et
955 1590 1010 1616 fru-

226 1638 297 1659 ctum
313 1633 415 1666 pietatis
430 1633 547 1659 tulimus.
561 1632 598 1660 Illi
611 1633 752 1668 prophetas
767 1634 800 1660 ab
813 1634 920 1661 ineunte
934 1638 1012 1662 mlate

227 1677 362 1712 legerunt,
382 1682 408 1704 et
423 1678 566 1712 prophetiis
585 1679 749 1705 enuntiatum
763 1679 833 1705 cruci
848 1679 988 1706 arﬁxernnt
1003 1688 1009 1707 :

226 1729 286 1754 nos,
306 1723 348 1756 qui
375 1722 440 1749 nihil
461 1723 493 1750 de
518 1723 602 1750 sacris
622 1724 704 1750 literis
731 1725 915 1756 audieramus,
941 1724 1011 1751 hunc

226 1767 312 1801 ipsum
327 1767 503 1794 adoravimus.
527 1768 589 1795 ideo
613 1768 702 1796 miseri
724 1769 770 1800 illi,
786 1769 846 1804 quia
868 1777 946 1796 missa
960 1770 1010 1796 sibi

227 1811 309 1845 bona,
324 1813 382 1839 aliis
395 1813 558 1847 rapientibus
570 1818 651 1848 atque
665 1814 697 1840 ad
710 1823 770 1841 sese
785 1815 1009 1849 pertrahcntibus,

227 1858 276 1892 ipsi
286 1859 447 1893 repulerunt.
460 1860 497 1886 Ac
509 1860 544 1886 illi
559 1861 662 1895 quidem
673 1861 705 1887 ad
717 1861 829 1888 liliorunt
840 1862 1009 1896 adoptionem

228 1904 324 1936 vocati,
341 1905 366 1931 in
389 1912 468 1932 canes
481 1905 674 1939 degenerarunt
691 1915 697 1933 :
715 1914 772 1940 nos,
789 1908 832 1942 qui
853 1916 933 1936 canes
951 1916 1008 1935 era-

227 1955 296 1977 mus.
312 1948 416 1975 brutam
441 1955 559 1976 naturam
573 1951 658 1978 di\ina
674 1953 755 1986 gratia
773 1961 870 1980 exuere
884 1958 961 1988 atque
976 1954 1007 1981 ad

227 1993 339 2020 ﬁliolum
360 1995 485 2021 honorem
499 1996 643 2022 ascendere
660 1997 803 2030 potuimus.
819 1997 893 2024 Unde
909 1999 958 2025 hoc
976 1999 1008 2025 li-

226 2038 307 2073 quet?
320 2038 380 2065 Non
391 2044 426 2065 est
439 2039 541 2072 bonum,
556 2041 638 2075 inquit
654 2041 810 2069 Chananzem
818 2043 949 2075 Christus,
963 2053 1008 2078 pa-

226 2091 282 2109 nem
295 2083 405 2117 ﬁliorum
415 2092 512 2118 rapere,
525 2090 548 2111 et
557 2086 651 2112 catellis
662 2086 766 2120 objicere
775 2087 877 2121 (Matth.
892 2089 932 2115 15.
942 2090 986 2124 215)
999 2097 1006 2116 :

226 2127 286 2155 illos
300 2127 377 2160 ﬁlios,
393 2137 425 2155 ex
445 2129 567 2164 gentibus
584 2137 647 2157 vero
661 2132 798 2163 oriundos,
812 2140 892 2160 canes
908 2141 1008 2160 nuneu-

225 2180 299 2208 pans.
315 2174 420 2207 Verum,
433 2183 485 2209 quo
498 2176 576 2203 modo
590 2177 625 2203 sit
636 2177 756 2205 inversus
770 2179 837 2206 ordo
847 2200 854 2212 ,
870 2180 939 2213 vide,
955 2181 1006 2208 illi-

224 2227 275 2253 que
290 2226 379 2252 canes,
389 2228 438 2247 nos
451 2220 527 2248 liberi
541 2220 602 2248 facti
611 2222 703 2250 simus.
722 2223 807 2251 Videte
814 2232 895 2257 canes,
911 2225 944 2252 de
955 2226 1007 2253 illis

223 2265 259 2291 ait
279 2265 388 2297 Paulus,
405 2266 484 2293 videte
496 2267 575 2294 malos
589 2269 731 2302 operarios.
744 2270 1008 2302 uideteconcisionem.

225 2308 251 2335 Ν
255 2317 282 2335 os
293 2309 361 2335 enim
378 2316 469 2335 sumus
480 2309 655 2338 circumcisio.
665 2309 788 2346 (Philipp.
794 2311 890 2351 5.2.5).
912 2316 1005 2344 Certus

223 2355 357 2388 quomodo
372 2355 445 2382 liberi
460 2357 531 2390 prius
542 2364 622 2384 canes
636 2360 787 2387 evaserint?
802 2361 879 2388 Visne
892 2369 1005 2397 cognos-

221 2406 293 2431 cere,
304 2400 348 2433 qui
365 2408 413 2426 nos
424 2409 439 2428 e
449 2402 557 2428 canibus
571 2402 616 2429 ﬁlii
631 2403 690 2430 iacti
705 2405 807 2432 simus?
821 2406 945 2442 Quotquot
955 2416 1004 2434 ou-

222 2447 271 2469 tcm
283 2451 428 2479 receperunt
443 2455 509 2479 eum,
524 2447 618 2482 inquit,
634 2449 701 2475 dedit
713 2450 749 2476 eis
763 2455 918 2485 potestatem,
935 2453 1002 2486 ﬁlios

222 2488 268 2515 Dei
279 2490 334 2523 ﬁeri
349 2490 435 2524 (Joan.
452 2493 478 2519 1.
497 2493 551 2526 li).
566 2493 636 2520 Nihil
653 2495 709 2521 istis
723 2496 859 2529 miserius,
875 2498 918 2531 qui
937 2507 1002 2526 nus-

220 2541 297 2567 quam
321 2543 371 2561 non
392 2537 469 2563 saluti
493 2544 547 2564 sua:
571 2539 677 2566 adversi
699 2547 817 2567 ctarrunt.
843 2543 906 2569 Dum
931 2545 1001 2571 enim

220 2578 304 2613 legem
318 2581 418 2606 servari
434 2583 566 2615 oportuit,
581 2585 769 2612 conculcarunt
785 2594 790 2612 :
808 2587 850 2613 illa
866 2596 934 2614 nunc
944 2596 1002 2615 ces-

219 2629 308 2655 sante,
326 2625 496 2658 pertinaciter
517 2628 637 2655 eamdem
657 2630 723 2656 tueri
747 2632 917 2659 contendunt.
934 2633 1001 2667 Quid

219 2669 283 2702 ipsis
296 2675 375 2703 queat
389 2670 566 2699 miserabilius
581 2681 651 2707 esse,
666 2676 708 2708 qui
724 2683 775 2702 non
791 2679 1000 2711 transgressione

218 2714 312 2746 solum,
328 2714 374 2741 sed
388 2720 413 2741 et
430 2717 614 2745 observatione
635 2719 700 2753 legis
721 2720 802 2747 Deum
822 2723 1000 2750 exacerbauit?

218 2759 279 2786 Ideo
299 2760 369 2787 Dura
385 2763 492 2795 cervice,
509 2763 602 2797 inquit,
626 2770 649 2790 et
671 2766 841 2794 incircuntcisa
862 2770 936 2796 corde
957 2778 999 2796 vos

227 2814 314 2838 smper
328 2806 437 2840 Spiritui
452 2813 538 2834 sancto
552 2810 666 2836 resistitis
676 2810 742 2842 (Act.
757 2811 783 2838 7.
797 2812 841 2846 5|)
854 2821 860 2839 :
877 2822 928 2840 non
940 2815 997 2841 vio-

218 2849 296 2878 laudo
321 2852 391 2886 leges
412 2852 558 2886 dumtaxat,
573 2853 619 2881 sed
640 2860 667 2883 et
687 2856 869 2892 intempestive
890 2867 996 2889 servare

1019 2793 1029 2806 5

1068 815 1189 862 itabeuttts
1208 826 1307 853 regem,
1329 821 1377 847 nisi
1391 821 1514 849 Cursarem
1535 823 1623 856 (Joan.
1645 825 1759 862 19.15).
1781 827 1853 856 Con-

1067 859 1167 895 fregisli
1180 860 1284 897 iugum,
1298 864 1419 898 dirupisti
1437 866 1580 900 vinculum,
1603 876 1618 895 e
1631 877 1713 905 regno
1727 859 1857 901 caelorum-

1068 906 1181 942 teipsum
1193 907 1305 942 ejecisti,
1320 914 1346 936 et
1360 912 1483 944 potestati
1499 912 1621 941 humanae
1636 916 1784 951 subjecisti.
1800 919 1853 946 Ve.-

1067 951 1112 979 lim
1129 953 1172 980 hic
1185 954 1248 981 mihi
1269 955 1421 983 consideres
1432 978 1438 989 ,
1452 964 1531 992 quam
1546 959 1638 987 solerti
1661 962 1801 997 aenigmate
1815 964 1854 992 ef—

1066 996 1196 1025 frenatum
1223 999 1328 1027 illorum
1360 1003 1478 1030 animum
1505 1005 1669 1039 significarit.
1698 996 1756 1035 Non
1781 1010 1854 1038 enim

1066 1042 1161 1078 inquit,
1173 1044 1263 1079 jugum
1279 1046 1407 1080 dejecisti,
1420 1048 1466 1075 sed
1480 1049 1645 1085 confregisti.
1656 1053 1725 1087 quod
1739 1058 1779 1081 est
1791 1054 1854 1082 bru-

1066 1092 1152 1114 torum
1165 1089 1329 1124 animalium,
1342 1099 1487 1127 eorumque
1500 1095 1665 1128 petulcorum
1680 1097 1781 1131 vitium,
1793 1107 1853 1134 qua:

1066 1132 1171 1159 frenum
1193 1139 1339 1168 respuunt,
1363 1136 1558 1173 imperiumque
1578 1139 1737 1168 detrectant.
1755 1132 1852 1171 Verum

1065 1176 1135 1204 unde
1159 1177 1215 1205 hinc
1233 1178 1286 1205 illis
1309 1179 1441 1208 durities?
1465 1182 1504 1209 Ex
1529 1185 1637 1218 crapula
1661 1191 1688 1213 et
1711 1187 1851 1215 ebrietate.

1064 1222 1129 1253 Quis
1151 1222 1188 1249 ait
1212 1223 1279 1251 hoc?
1300 1224 1359 1259 ipse
1382 1225 1478 1254 Moses.
1504 1227 1616 1256 Comedit
1641 1230 1739 1265 Israel,
1766 1238 1789 1259 et
1810 1242 1850 1260 re—

1065 1267 1146 1302 pletus
1171 1273 1194 1295 et
1224 1270 1394 1305 impinguolus
1416 1277 1470 1305 est,
1500 1278 1523 1300 et
1555 1276 1719 1304 reculcitratu't
1747 1280 1851 1307 dilectus

1064 1312 1152 1347 (Dat.
1163 1314 1207 1341 52.
1221 1315 1277 1350 15).
1287 1316 1515 1349 Quemadmodum
1523 1321 1593 1347 enim
1607 1322 1751 1350 animantia
1763 1325 1850 1358 bruta,

1065 1357 1185 1385 uberiore
1198 1360 1292 1393 pabulo
1307 1361 1420 1388 distenta
1431 1383 1438 1394 ,
1454 1363 1538 1398 magis
1552 1365 1704 1393 rcfractaria
1719 1372 1798 1403 atque
1811 1357 1851 1397 in;

1063 1402 1163 1430 domita
1179 1405 1255 1437 liunt,
1270 1410 1296 1433 et
1314 1414 1399 1441 neque
1411 1408 1520 1442 jugum,
1543 1417 1592 1437 nec
1611 1410 1729 1445 frenum,
1745 1402 1794 1441 nec
1804 1422 1852 1441 au-

1063 1448 1127 1482 rigae
1155 1456 1262 1476 manum
1288 1450 1374 1478 ferunt
1397 1460 1403 1478 :
1428 1453 1462 1479 ita
1485 1458 1512 1480 et
1535 1455 1646 1490 populus
1670 1457 1794 1485 Judaieus
1817 1467 1853 1487 ex

1062 1493 1190 1521 ebrietate
1213 1499 1240 1522 et
1264 1496 1343 1523 nimia
1360 1498 1479 1531 corporis
1499 1500 1630 1527 obesitate
1647 1502 1680 1528 ad
1701 1507 1854 1531 extremam.

1062 1540 1245 1574 praecipitatus
1257 1542 1395 1576 malitiam,
1411 1543 1534 1576 laseiviit,
1550 1553 1638 1580 neque
1651 1547 1849 1584 Christijugnm

1062 1586 1217 1619 acceptavit,
1230 1594 1315 1621 neque
1328 1587 1457 1615 doctrinae
1470 1595 1585 1617 aratrum
1597 1591 1681 1618 duxit.
1696 1593 1770 1626 Quod
1782 1595 1848 1622 alius

1062 1632 1141 1658 etiam
1155 1632 1282 1666 propheta
1298 1634 1467 1662 subiudicans
1486 1636 1551 1664 dixit
1565 1646 1571 1663 :
1595 1637 1666 1665 Sicut
1679 1640 1756 1666 vitula
1775 1645 1848 1668 astro

1062 1678 1155 1711 percita
1168 1678 1270 1705 insaniit
1286 1679 1370 1706 Israel
1382 1681 1457 1716 (Osee
1480 1682 1507 1709 4.
1536 1683 1590 1718 16).
1611 1684 1684 1712 Alius
1706 1685 1776 1719 ipsos
1797 1686 1844 1714 Vi-

1062 1724 1140 1750 tulum
1153 1731 1202 1750 non
1211 1725 1325 1751 edoctum
1332 1726 1399 1759 ferre
1401 1727 1492 1762 jugum
1503 1729 1607 1755 vocavit
1618 1729 1713 1765 (Jerem
1731 1732 1774 1758 51.
1790 1732 1845 1767 18).

1061 1769 1132 1796 Talia
1144 1778 1207 1797 vero
1219 1771 1296 1798 bruta
1310 1772 1462 1805 animantia,
1474 1773 1506 1801 ad
1518 1781 1612 1808 operas
1626 1776 1723 1810 inepta,
1741 1777 1774 1804 ad
1792 1779 1847 1805 ma:

1060 1815 1187 1842 claudum
1199 1822 1260 1843 sttnt
1271 1822 1342 1852 apta.
1355 1818 1431 1851 Quod
1446 1819 1487 1846 his
1501 1821 1579 1847 etiam
1588 1822 1683 1848 accidit
1697 1831 1702 1848 :
1717 1831 1775 1849 nam
1785 1831 1846 1851 cum

1060 1860 1110 1894 ipsi
1126 1868 1185 1888 sese
1209 1862 1240 1888 ad
1254 1863 1422 1896 operationes
1437 1864 1548 1892 inutiles
1559 1866 1714 1898 redderent,
1731 1869 1774 1902 qui
1789 1877 1846 1895 ma-

1059 1910 1196 1934 clarentur
1204 1909 1256 1942 apti
1272 1908 1385 1936 fuerunt.
1395 1909 1481 1942 Quare
1493 1911 1613 1938 Christus
1623 1913 1712 1945 etiam,
1727 1913 1845 1941 Inimicos

1059 1961 1127 1979 meos
1140 1953 1208 1986 illos,
1223 1954 1316 1989 inquit,
1329 1956 1371 1990 qui
1384 1956 1516 1982 noluerunt
1537 1965 1575 1983 me
1587 1966 1691 1992 regnare
1703 1959 1728 1985 iu
1743 1968 1781 1991 se,
1796 1961 1845 1985 od-

1060 1998 1141 2025 ducite
1163 1999 1211 2025 huc
1232 2019 1239 2032 ,
1253 2005 1277 2026 et
1299 2006 1406 2027 mactate
1430 2002 1488 2028 illos
1516 2002 1589 2038 (Luc.
1612 2004 1654 2031 19.
1678 2004 1734 2040 27).
1757 2005 1823 2032 Tum
1834 2026 1845 2038 ,.

1058 2043 1160 2075 Iudaee,
1175 2046 1314 2079 oportebat
1334 2050 1358 2072 tc
1372 2047 1508 2080 jejunare,
1536 2055 1595 2074 cum
1609 2049 1723 2076 ebrietas
1747 2051 1802 2076 istis
1818 2055 1847 2077 te

1057 2089 1134 2115 malis
1148 2089 1275 2120 alliceret,
1289 2097 1348 2116 cum
1366 2091 1526 2124 impietatem
1538 2098 1640 2126 pareret
1652 2095 1769 2128 crapula,
1789 2104 1846 2122 non.

1055 2134 1120 2168 jam.
1136 2134 1210 2162 Nunc
1223 2135 1294 2162 enim
1306 2136 1434 2170 jejunium
1450 2141 1491 2164 est
1507 2137 1720 2172 intempestivum
1734 2145 1759 2167 et
1774 2141 1841 2167 alio-

1058 2180 1219 2207 minandnm.
1236 2181 1292 2214 Quo
1303 2182 1430 2208 auclore?
1446 2182 1550 2214 llesaia,
1564 2183 1609 2217 qui
1623 2191 1688 2210 voce
1701 2185 1770 2211 edita
1785 2186 1840 2211 cla-

1057 2229 1111 2252 mat
1125 2234 1132 2252 :
1153 2225 1214 2252 Non
1228 2227 1275 2252 ltoc
1287 2227 1413 2261 jejunium
1428 2228 1499 2263 elegi.
1516 2229 1583 2261 Quid
1602 2230 1658 2256 ita‘!
1673 2230 1736 2262 Quia
1758 2232 1845 2267 inju‘

1057 2271 1123 2297 dtcia
1137 2276 1159 2298 et
1174 2280 1271 2306 pugnas
1285 2273 1423 2306 jejuuolis,
1444 2279 1467 2300 ιιι
1482 2275 1608 2308 percutitis
1627 2284 1710 2310 pugno
1729 2277 1846 2304 subdi/os.

1057 2317 1156 2350 (Ilesai.
1168 2318 1211 2344 5R.
1229 2319 1256 2344 4.
1271 2319 1310 2353 5).
1327 2319 1401 2351 Quod
1421 2319 1454 2352 si,
1471 2327 1530 2346 cum
1554 2321 1671 2354 pulsart's
1685 2328 1847 2355 conservosk

1055 2362 1213 2390 detesmhile
1228 2369 1300 2390 tuum
1321 2364 1368 2390 fuit
1386 2365 1531 2398 jejunium,
1547 2365 1658 2392 Domino
1681 2367 1729 2393 abs
1743 2371 1767 2394 te
1783 2375 1838 2395 ma-

1054 2413 1135 2440 ctato,
1150 2414 1285 2442 acceptum
1301 2409 1344 2443 qui
1360 2409 1454 2436 fuerit?
1465 2417 1514 2444 qua
1530 2411 1647 2438 ratione?

1090 2453 1188 2488 Jejunii
1210 2454 1331 2487 fructuosi
1359 2455 1457 2481 modus.
1480 2470 1517 2475 —
1539 2456 1624 2486 Eum,
1649 2455 1695 2489 qui
1715 2456 1846 2491 jejunat,~

1056 2498 1231 2532 compositum
1246 2507 1304 2526 esse
1316 2499 1401 2531 decet,
1417 2500 1570 2532 conlritum,
1586 2500 1747 2528 humilialum
1758 2523 1766 2534 ,
1783 2510 1846 2532 non.

1054 2543 1091 2569 ira
1105 2543 1226 2570 ebrium:
1247 2548 1274 2570 ct
1286 2551 1431 2571 conservos
1453 2545 1558 2579 pulsas?
1571 2545 1638 2572 Olim
1659 2547 1736 2580 igitur
1755 2548 1779 2574 iu
1791 2548 1835 2582 ju-

1053 2589 1120 2616 dicia
1135 2594 1161 2616 ct
1175 2597 1274 2624 pugnas
1286 2589 1438 2624 jejunarunt
1451 2599 1457 2616 :
1472 2598 1542 2617 nunc
1557 2591 1588 2617 ad
1609 2593 1779 2626 petulantiam
1795 2598 1835 2619 at-

1053 2643 1104 2669 que
1123 2641 1268 2662 extremam
1287 2636 1528 2670 intemperantiam,
1544 2637 1605 2663 dum
1629 2638 1704 2664 nudis
1725 2639 1835 2673 pedibus

1051 2681 1079 2707 in
1094 2681 1148 2707 foro
1162 2682 1266 2712 saltant,
1274 2681 1364 2715 jejunii
1378 2682 1482 2716 quidem
1496 2687 1632 2716 prwtcxtu.
1645 2683 1690 2710 sed
1701 2683 1843 2711 ebriorum,

1051 2735 1135 2753 more.
1151 2727 1217 2753 Audi
1229 2735 1281 2761 quo
1293 2732 1368 2761 pacto
1386 2728 1509 2762 propheta
1518 2728 1638 2762 jcjnnare
1649 2729 1748 2762 jubcat.
1766 2729 1834 2755 Son-

1050 2773 1157 2805 ctiﬁcote
1171 2773 1308 2807 jejunium,
1322 2773 1416 2807 inquit,
1434 2781 1484 2800 non
1500 2782 1558 2800 cum
1580 2774 1700 2808 tripudiis
1713 2775 1838 2802 celebra-

1050 2823 1075 2844 te
1089 2826 1095 2844 :
1113 2817 1252 2844 Prtrdicnte
1268 2819 1371 2851 cultum,
1387 2825 1533 2853 rongrrgule
1551 2828 1620 2846 senes
1637 2820 1706 2854 (Joel
1732 2821 1757 2848 1.
1776 2821 1832 2853 li).

1049 2864 1082 2890 At
1105 2863 1130 2890 ltl
1144 2863 1240 2891 choros
1258 2864 1374 2891 molliqu
1396 2869 1507 2899 cogunt,
1524 2866 1719 2900 colluviemquc
1734 2872 1839 2902 stupro.
