2043 3116
173 132 225 162 8H

173 197 370 233 inquinatarum
386 195 543 227 mulierum;
558 194 691 221 theatrum
705 192 857 220 universum
872 195 898 218 ct
913 190 957 217 lto-

174 244 261 270 mines
272 242 391 270 scenicos
405 241 437 268 ad
451 240 616 276 Synagngam
631 237 786 273 pertralmnt
796 258 803 269 ,
817 244 877 263 nam
893 238 960 262 inter

173 287 306 315 theatrum
317 291 343 314 et
356 287 473 321 ipsorum
488 285 652 320 Synagogam
666 282 730 309 nihil
749 283 867 309 interest.
881 281 960 316 Equi-

173 332 234 360 dem
247 332 315 365 scio,
329 330 385 359 fore
397 330 441 365 qui
455 337 497 357 me
512 328 668 356 temeritatis
678 332 799 362 arguant,
809 327 879 362 quod
893 326 962 354 inter

174 377 307 405 theatrum
326 381 406 410 atque
425 374 590 410 Synagogam
611 372 754 408 quidquam
772 372 899 399 interesse
913 379 960 398 ne-

174 422 273 457 garint,
283 426 310 449 at
321 428 371 455 ego
384 420 443 447 illos
452 419 570 447 audaciae
577 418 736 451 condemno,
752 418 778 444 ni
793 417 828 444 ita
837 418 960 444 sentiant.

175 467 286 499 Damna,
296 466 318 493 si
330 473 361 493 ex
370 473 412 493 me
421 465 512 493 istlircc
522 464 664 499 pronuntio
673 471 681 497 ;
692 463 732 491 sin
739 463 874 499 prophetae
883 462 963 490 verba

172 512 245 546 dico,
258 511 421 540 enuntiatum
432 511 560 547 approba.

209 557 236 585 5.
247 556 331 590 Multi,
345 556 418 589 scio,
433 560 587 584 reverentur
604 555 723 588 Judaeos,
739 562 884 590 eorumque
899 554 965 582 ritus

172 602 319 631 hodieruos
330 606 440 630 censent
452 609 512 630 esse
523 601 666 634 honestos;
681 609 734 636 quo
749 601 807 636 ipso
823 601 857 628 ad
877 601 965 636 perni-

172 649 274 676 ciosam
290 648 367 675 istam
377 647 530 683 opinionem
545 647 672 674 radicitus
684 646 846 674 evellendam
859 647 964 674 incitor.

172 693 272 729 Negavi
288 692 392 721 theatro
407 692 551 728 quidquam
573 696 701 726 priestarc
718 690 902 726 Synagogam;
917 690 966 718 ad-

173 739 270 767 ducam
286 738 424 774 propheta':
439 737 618 766 testimonium
633 746 639 764 :
653 745 706 764 non
727 741 788 764 sunt
804 736 888 773 Judaei
904 743 966 772 pro-

174 783 264 819 phetis
274 783 325 811 lide
333 783 478 818 digniores.
490 782 558 816 Quid
569 782 648 818 igitur
660 782 724 810 ille?
735 781 819 809 Frons
832 781 968 809 meretricis

175 831 245 865 facta
251 830 336 857 esttibi
345 829 454 861 ;desiisti
460 829 600 856 erubescere
607 829 676 863 apud
683 836 768 855 omnes
775 827 881 864 (Jcrem.
891 828 917 855 5.
928 827 967 863 5).

179 875 229 904 Ubi
238 883 302 903 vero
309 881 425 903 scortum
433 875 608 911 prostituitur,
617 875 639 902 is
648 875 723 902 locus
732 879 772 902 est
783 875 967 910 prostibulum.

177 922 234 950 lmo
248 929 301 950 non
317 921 491 956 prostibulum
506 921 643 948 dumtaxat
662 922 846 956 theatrumque
862 925 903 948 est
916 920 967 955 Sy-

178 975 289 1003 nagoga,
303 974 395 995 verum
405 967 485 995 etiam
499 967 625 1001 spelunca
638 966 780 999 latronum,
794 970 821 993 et
832 965 969 993 latibulum

179 1014 306 1043 ferarum.
318 1013 382 1041 Nam
397 1013 517 1048 spelunca
532 1013 628 1047 hyazme
646 1014 714 1047 facta
735 1017 772 1038 est
786 1012 856 1044 mihi,
874 1011 968 1046 inquit,

180 1058 269 1086 damus
291 1063 373 1086 vestra
395 1057 453 1092 (Id.
475 1058 501 1085 7.
521 1058 565 1092 ll)
591 1066 597 1085 :
618 1064 667 1084 nec
687 1057 843 1092 simpliciter
863 1057 970 1090 bestiae,

180 1104 228 1132 sed
254 1103 346 1131 bestiae
369 1104 489 1138 impune.
509 1103 545 1130 At
570 1109 695 1134 rursum,
720 1101 846 1135 Dereliqui
870 1101 971 1128 domum

180 1157 272 1182 meam,
296 1148 395 1178 deserui
417 1148 579 1176 hereditatem
598 1156 680 1174 meam
703 1147 757 1182 (Id.
770 1148 812 1175 12.
836 1148 874 1183 7).
896 1147 971 1181 Quod

181 1195 290 1227 si,Deus
302 1195 485 1230 dereliquerit,
501 1202 561 1230 quae
575 1195 667 1222 salutis
681 1202 743 1230 spes
755 1195 874 1230 reliqua?
887 1194 915 1222 Si
927 1195 972 1223 de-

180 1241 296 1269 seruerit
308 1241 388 1274 Deus,
405 1241 479 1268 locus
502 1241 546 1268 ille
566 1241 595 1268 ﬁt
615 1240 743 1268 habitatio
762 1241 924 1270 daamonum.
938 1242 973 1269 At

181 1286 290 1314 omnino
303 1293 333 1314 se
345 1294 449 1321 quoque
460 1286 543 1313 Deum
557 1286 670 1316 adorare
679 1287 780 1314 dicunt.
795 1287 847 1315 Sed
861 1288 931 1316 absit
944 1292 973 1315 ut

181 1331 233 1359 hoc
259 1331 397 1359 dicamus:
415 1339 494 1359 nemo
505 1331 614 1359 Judanus
634 1332 716 1360 Deum
731 1332 835 1360 adorat.
858 1333 922 1366 Quis
936 1333 972 1360 ait

182 1376 306 1404 liocibei
318 1376 413 1404 Filius.
427 1376 458 1404 Si
469 1377 535 1404 enim
553 1376 656 1404 Patrem
670 1385 752 1404 meum
764 1378 884 1411 nossetis,
898 1383 922 1405 et
935 1387 974 1406 me

182 1422 287 1449 nossetis
301 1429 310 1449 :
322 1430 401 1456 neque
410 1430 467 1449 vero
475 1431 514 1450 me
522 1424 608 1456 nostis,
619 1431 664 1449 nec
672 1422 774 1450 Patrem
781 1423 870 1458 (Joan.
880 1423 907 1451 8.
918 1424 973 1459 l9).

182 1467 259 1500 Quod
274 1468 453 1495 testimonium
467 1469 518 1496 hoc
533 1469 584 1496 [ide
598 1468 702 1504 dignius
715 1469 866 1497 adducam?

218 1513 357 1550 Syrmgoga
381 1513 532 1541 Judazorum
549 1515 703 1542 diversorum
722 1515 927 1542 dwmonium.—-
947 1516 973 1544 Si

183 1557 288 1586 Patrem
313 1566 365 1586 non
389 1564 501 1593 norunt,
522 1559 619 1587 Filium
642 1560 846 1594 cruciﬁxerunt,
862 1560 976 1596 Spiritus

181 1603 309 1631 auxilium
320 1604 484 1639 repulerunt,
499 1605 558 1640 quis
569 1605 656 1632 locum
667 1605 746 1632 istum
758 1613 817 1633 esse
825 1606 975 1633 dtemonum

183 1649 358 1677 diversorium
373 1650 508 1677 affirmare
532 1658 585 1678 non
608 1650 697 1678 ausit?
717 1651 775 1678 Non
794 1651 920 1679 adoratur
942 1651 976 1679 ibi

183 1693 265 1728 Deus,
282 1694 370 1722 absit:
386 1694 434 1722 sed
454 1694 611 1722 idololatria:
630 1695 756 1730 deinceps
773 1696 846 1723 locus
861 1701 902 1724 est
917 1704 924 1723 :
950 1700 977 1724 et

184 1743 272 1766 tamen
286 1739 366 1774 aliqui
378 1739 430 1766 illis
447 1744 579 1774 tamquam
594 1741 716 1768 sacrariis
736 1741 884 1769 adhrerent.

220 1783 335 1811 Historia
347 1783 393 1810 viri
407 1783 544 1812 Christiani
560 1785 688 1812 mulierem
702 1785 728 1812 in
738 1786 817 1813 tndem
831 1786 977 1813 Judtcorum

185 1829 219 1856 ad
227 1829 370 1864 furandum
384 1829 479 1856 intrare
493 1831 614 1866 cogentis.
627 1831 758 1866 —Atque
771 1831 828 1859 haec
843 1840 895 1859 non
909 1840 975 1860 con-

184 1875 296 1910 iecturis
315 1875 444 1903 adductus
462 1875 537 1908 dico,
554 1876 601 1904 sed
615 1876 671 1911 ipsa
683 1877 793 1904 edoctus
804 1878 976 1913 experientia.

185 1919 252 1947 Nam
273 1924 334 1947 ante
348 1920 398 1947 hoc
421 1921 547 1954 triduum,
564 1921 627 1948 mihi
649 1922 759 1955 credite,
781 1930 832 1949 non
852 1923 976 1957 mentior,

186 1969 334 1992 matronam
343 1965 482 2000 quamdam
495 1965 645 1999 honestam,
653 1966 804 2001 ingenuam,
817 1968 974 2001 modestam,

188 2014 217 2036 et
231 2009 337 2037 iidclem
356 2009 424 2044 vidi,
437 2018 516 2046 quam
537 2010 617 2039 homo
631 2012 738 2046 quidam
758 2012 888 2047 impurus,
902 2014 978 2040 stoli-

189 2053 258 2087 dus,
282 2055 406 2089 opinione
429 2055 612 2089 Christianus,
642 2055 721 2093 (talia
745 2058 816 2084 enim
838 2058 977 2085 audentem

189 2100 323 2127 sincerum
347 2100 527 2129 Christianum
557 2110 608 2129 non
636 2103 779 2138 dixerim),
807 2103 979 2131 Hebraeorum

190 2146 276 2174 sedem
300 2146 416 2178 intrare.
439 2147 527 2182 ibique
547 2147 731 2182 jusjurandum
753 2149 787 2176 de
800 2149 912 2184 negotiis
930 2150 980 2177 sibi

191 2192 374 2220 controversis
387 2191 452 2219 dare
464 2193 586 2228 cogebat.
602 2193 636 2220 Ut
655 2201 717 2221 vero
733 2194 776 2221 illa
790 2201 868 2229 opem
883 2195 980 2230 implo-

189 2238 275 2271 rabat,
287 2242 314 2266 et
327 2238 378 2265 vim
392 2238 547 2265 sceleratam
563 2238 667 2266 amoliri
682 2239 819 2273 cupiebat;
833 2240 883 2267 sibi
895 2241 978 2275 enim,

190 2291 251 2318 quae
272 2283 423 2310 divinorum
438 2283 626 2318 mysteriorum
649 2283 782 2319 particeps
803 2283 871 2312 facta
891 2290 979 2319 esset,

190 2328 266 2356 illum
281 2328 369 2356 locum
378 2328 452 2356 adire
463 2328 536 2355 nefas
549 2335 608 2356 esse
621 2337 627 2355 :
641 2328 764 2356 incensus
775 2337 824 2364 ego
835 2330 891 2358 zelo
901 2335 981 2365 atque

191 2373 288 2401 ardens
301 2373 420 2406 surrexi,
440 2380 489 2400 nec
507 2373 577 2400 illam
591 2380 670 2408 porro
691 2373 723 2401 ad
738 2375 980 2409 praevaricationem

191 2418 261 2447 trahi
274 2426 332 2446 sum
346 2425 449 2453 passus,
460 2419 596 2454 eripuique
606 2419 639 2447 ab
650 2420 737 2454 iniqua
751 2420 800 2447 ista
811 2420 979 2449 abductione.

193 2465 290 2494 Postea
301 2471 372 2497 eum,
389 2464 434 2499 qui
454 2468 570 2491 traxerat
586 2465 669 2498 illam,
684 2464 884 2494 Christianusnc
897 2471 979 2500 esset,

193 2510 295 2545 rogavi.
314 2510 362 2536 Cui
378 2510 513 2536 conlitenli
532 2510 647 2545 graviter
664 2510 756 2543 institi,
775 2510 921 2540 fatuitatem
935 2520 981 2540 ex-

193 2555 325 2590 probrans
346 2559 546 2590 extremamque
567 2555 742 2590 dementiam,
760 2561 786 2584 et
806 2557 888 2584 asinis
907 2558 980 2585 illum

191 2601 335 2636 quidquam
356 2605 483 2635 prtestare
497 2600 607 2636 negavi,
623 2601 645 2628 si
667 2601 800 2629 Christum
824 2610 854 2630 se
867 2603 980 2632 adorare

193 2645 340 2680 prolitens,
356 2645 389 2672 ad
409 2643 580 2679 Judarorum,
601 2646 645 2680 qui
666 2646 752 2681 ipsum
770 2648 979 2682 cruciﬁxissent,

192 2690 333 2724 speluncas
348 2697 506 2725 quemquam
529 2690 657 2717 traheret.
674 2691 857 2727 Productoque
877 2693 980 2728 longius

194 2742 320 2762 sermone
332 2734 445 2770 primum
460 2743 568 2770 prorsus
579 2743 631 2763 non
643 2735 723 2764 licere
734 2737 823 2771 jurare
832 2758 840 2771 ,
852 2746 936 2773 neque
948 2739 981 2766 ad

193 2780 379 2816 jusjurandum
390 2788 549 2816 quemquam
563 2782 674 2809 incitare
684 2802 692 2815 ,
706 2789 738 2810 ex
751 2790 826 2810 sacro
839 2784 980 2819 Evangelio

193 2824 300 2860 (Matth.
316 2825 344 2854 5.
366 2825 414 2861 bl)
427 2825 513 2855 docui.
529 2827 641 2861 Dciudc,
659 2835 712 2856 non
727 2828 830 2857 ﬁdelem
848 2834 874 2858 et
891 2830 979 2859 initia-

544 139 572 167 S.
592 136 730 166 JOANNIS
743 134 976 164 CIIRYSOSTOHI
997 134 1154 162 ARClllEP.
1175 134 1440 162 CONSTANTINOP.

1747 129 1801 158 8l8

1014 196 1066 218 tam
1079 211 1087 224 ,
1111 191 1174 226 quin
1193 193 1278 226 nequc
1301 199 1380 225 eutn,
1407 191 1452 226 qui
1472 189 1588 218 nondum
1607 190 1645 218 sit
1666 190 1799 224 initiatus,

1012 236 1039 264 in
1050 237 1126 264 istam
1137 237 1321 264 necessitatem
1330 236 1486 264 trahendum
1499 235 1590 263 fuisse.
1603 236 1743 271 Po:tquam
1754 236 1799 263 diu

1013 281 1180 317 multumque
1203 282 1328 317 loquutus
1347 282 1464 309 animum
1487 281 1545 316 ejus
1570 281 1604 308 ab
1626 289 1719 308 errore
1740 282 1799 316 opi-

1015 327 1102 355 nionis
1116 327 1236 361 liberavi,
1251 335 1357 355 causam
1371 327 1520 354 sciscitatus
1535 335 1604 359 sum,
1620 334 1668 354 cur
1683 326 1802 354 Ecclesia

1015 373 1109 400 relicta
1122 374 1156 400 ad
1175 373 1328 400 Judaeorum
1347 372 1457 407 collegia
1481 372 1552 399 illam
1571 372 1690 399 traxerit.
1712 373 1743 399 At
1759 373 1803 399 ille

1017 418 1115 446 multos
1130 418 1180 445 sibi
1194 418 1293 446 dixisse
1308 418 1459 452 inquiebat,
1473 417 1668 452 jusjurandum,
1684 418 1753 452 quod
1768 418 1802 445 ibi

1015 464 1133 497 daretur,
1147 464 1230 499 magis
1241 463 1433 491 formidandum
1443 471 1512 492 esse.
1523 463 1562 491 0b
1576 471 1635 499 qua:
1648 464 1803 498 ingemisce-

1015 510 1087 543 bam,
1110 510 1200 545 iraque
1223 509 1393 542 incendebar,
1411 509 1538 544 deinceps
1558 517 1650 537 rursus
1673 509 1803 536 ridebam.

1016 555 1133 583 Cernens
1151 555 1221 582 enim
1243 555 1341 582 diaboli
1361 555 1483 584 astutiam
1495 576 1502 588 ,
1518 555 1650 590 ingemui,
1664 555 1736 590 quod
1755 555 1802 582 lto-

1017 600 1131 629 minibus
1140 600 1165 628 id
1175 601 1335 635 persuadere
1348 606 1452 635 posset:
1464 600 1629 628 considerata
1641 608 1704 628 vero
1713 608 1806 628 eorum

1017 646 1062 681 qui
1075 646 1260 681 deciperentur
1278 646 1398 674 socordia
1408 666 1415 679 ,
1439 646 1569 674 excandui
1583 655 1590 673 :
1605 650 1632 674 et
1652 646 1806 674 earumdem

1018 696 1117 727 quanta
1140 697 1210 720 esset
1233 693 1348 721 amenu‘a
1368 700 1473 720 mecum
1497 698 1642 726 reputans,
1664 693 1720 720 risi.
1746 693 1807 720 llaec

1019 736 1096 764 vobis
1109 737 1164 765 dixi
1177 742 1203 765 et
1217 738 1320 765 narravi
1332 758 1340 770 ,
1354 739 1415 772 quia
1428 738 1517 765 animo
1536 745 1597 772 erga
1610 745 1657 766 eos
1667 759 1674 770 ,
1689 738 1733 773 qui
1745 738 1806 779 talia

1019 786 1046 810 et
1059 788 1213 818 perpetrant
1230 788 1256 810 et
1271 783 1459 818 experiuntur,
1475 784 1539 810 estis
1554 783 1631 817 plane
1652 783 1806 816 inhumano,

1020 835 1070 855 ncc
1083 828 1224 863 quidquam
1236 829 1267 856 iis
1279 830 1421 857 moremini
1433 838 1440 858 :
1451 830 1526 865 sique
1537 829 1644 857 fratrem
1657 831 1809 865 quempiam

1020 878 1139 901 vestrum
1157 874 1183 901 in
1206 874 1358 909 hujusmodi
1380 880 1515 910 peccatum
1540 875 1659 902 incidere
1681 875 1808 909 videatis,

1023 919 1158 952 alienam,
1181 927 1233 947 non
1255 921 1390 955 propriam
1417 921 1594 948 calamitatem
1617 929 1675 949 esse
1699 922 1808 949 ducitis.

1024 963 1130 998 Vosque
1140 965 1274 991 accusanti
1285 970 1409 1000 purgatos
1417 966 1585 999 existimatis,
1598 966 1711 994 dicendo
1723 976 1729 993 :
1743 967 1810 1001 Quid

1024 1009 1088 1036 mihi
1102 1017 1173 1036 cura:
1192 1011 1250 1037 est?
1264 1018 1323 1044 qua:
1342 1011 1409 1038 ratio
1430 1012 1493 1038 mihi
1507 1019 1568 1038 cum
1586 1012 1632 1039 illo
1645 1013 1811 1039 communis?

1022 1055 1087 1089 Qua:
1099 1056 1179 1084 verba
1198 1057 1309 1091 capitale
1327 1057 1416 1084 odium
1433 1058 1460 1085 in
1479 1058 1600 1086 homines
1619 1062 1643 1086 et
1666 1059 1812 1086 salanicatn

1021 1101 1203 1129 crudelitatem
1218 1107 1322 1130 sonant.
1339 1103 1406 1136 Quid
1427 1104 1475 1136 a's,
1494 1103 1575 1131 homo
1594 1111 1653 1131 cum
1675 1105 1722 1136 sis,
1736 1105 1809 1139 ejus-

1023 1146 1136 1182 demque
1155 1153 1256 1175 naturte
1271 1149 1403 1183 particeps
1413 1171 1420 1183 ,
1435 1149 1569 1184 quinimo,
1585 1150 1608 1176 si
1624 1154 1723 1176 natum
1737 1158 1812 1177 cont-

1023 1194 1114 1221 munio
1135 1193 1247 1221 dicenda
1266 1198 1323 1226 est.
1345 1195 1388 1221 cui
1409 1203 1490 1221 unum
1513 1200 1592 1229 caput
1613 1200 1654 1223 cst
1675 1196 1813 1228 Christus;

1025 1238 1116 1266 dicere
1125 1238 1217 1272 audes,
1234 1239 1300 1266 nihil
1314 1240 1359 1266 tibi
1373 1247 1432 1267 cum
1453 1241 1579 1268 membris
1599 1242 1651 1269 tuis
1665 1249 1723 1268 esse
1740 1249 1815 1268 com—

1024 1284 1128 1311 mune?
1151 1284 1290 1318 Quomodo
1317 1285 1396 1320 igitur
1419 1284 1553 1312 Christum
1579 1286 1705 1313 Ecclcsim
1733 1291 1815 1321 caput

1024 1329 1180 1357 confiteris?
1192 1329 1257 1357 Nam
1271 1335 1349 1364 caput
1360 1335 1452 1358 natura
1469 1331 1556 1358 omnia
1570 1332 1687 1359 membra
1697 1332 1814 1366 copulat,

1025 1379 1052 1402 et
1065 1375 1097 1402 ad
1124 1382 1153 1403 se
1177 1375 1317 1410 diligenter
1331 1377 1484 1408 convertit,
1508 1377 1675 1412 colligatque.
1702 1378 1729 1404 Si
1751 1377 1816 1404 nihil

1027 1421 1073 1448 tibi
1096 1429 1237 1449 commune
1262 1427 1302 1449 est
1322 1430 1382 1450 cum
1409 1423 1528 1450 membro
1553 1427 1613 1456 tuo,
1640 1431 1726 1458 neque
1748 1431 1809 1450 cum

1026 1467 1109 1494 iratre
1132 1467 1195 1502 quid
1221 1475 1361 1495 commune
1383 1473 1424 1495 cst
1440 1469 1505 1500 tibi,
1529 1475 1614 1503 neque
1635 1473 1715 1503 caput
1735 1469 1817 1495 habes

1026 1512 1172 1540 Christum.
1188 1512 1271 1540 ,ιυᾱωί
1290 1521 1337 1540 vos
1351 1518 1484 1548 tamquam
1508 1514 1632 1548 parvulos
1651 1521 1747 1548 pueros
1760 1518 1816 1541 trr-

1026 1563 1102 1591 rent,
1129 1563 1157 1586 et
1181 1566 1234 1586 non
1258 1559 1478 1586 animadvertitis.
1502 1559 1568 1586 Nam
1593 1561 1816 1594 quemadmodum

1027 1603 1146 1638 parvulis
1168 1603 1220 1630 illis
1241 1604 1316 1630 multi
1337 1604 1458 1631 scelerati
1475 1605 1544 1632 servi
1568 1605 1654 1632 larvas
1673 1606 1818 1633 ostendunt

1029 1648 1161 1676 terribiles
1174 1653 1201 1676 et
1213 1649 1353 1679 ridiculus.
1369 1657 1427 1684 quae
1445 1654 1537 1677 natura
1560 1658 1611 1676 non
1625 1655 1688 1678 sunt
1709 1651 1816 1682 terrori,

1028 1694 1076 1721 sed
1099 1693 1263 1728 simplicibus
1283 1694 1378 1721 animis
1400 1694 1466 1722 tales
1488 1695 1619 1728 videntur,
1640 1703 1819 1730 magnumque

1028 1739 1111 1766 risum
1127 1744 1236 1766 movent
1251 1749 1257 1766 :
1273 1740 1311 1766 sic
1326 1739 1410 1767 Judmi
1429 1740 1548 1768 rudiores
1561 1741 1725 1768 Christianos
1738 1742 1819 1768 larvis

1028 1785 1083 1813 suis
1104 1785 1238 1812 territant.
1266 1785 1405 1819 Quomodo
1427 1787 1497 1814 cnim
1525 1788 1647 1814 terricula
1672 1789 1725 1815 sint
1747 1789 1818 1823 apud

1029 1830 1100 1864 ipsos
1113 1837 1153 1862 ca,
1168 1838 1226 1865 qua:
1238 1839 1334 1866 magno
1346 1832 1477 1859 dedecore
1491 1837 1516 1859 et
1527 1833 1583 1859 risu
1596 1833 1672 1867 plena
1684 1854 1691 1865 ,
1706 1842 1820 1868 qumque

1029 1874 1168 1902 hominum
1187 1876 1406 1910 itupiugcntium,
1427 1884 1487 1904 cum
1503 1877 1644 1912 ignominia
1659 1878 1819 1912 rejcetorum

1030 1926 1056 1948 ct
1071 1920 1254 1948 damnatorum
1267 1922 1347 1949 sunt?

1064 1967 1091 1994 4.
1107 1967 1200 1994 Nostra
1220 1968 1290 1995 haud
1314 1972 1374 1996 sunt
1397 1969 1458 1996 talia
1476 1977 1483 1995 :
1499 1968 1544 1996 sed
1566 1976 1658 1997 revera
1679 1970 1818 2002 terribilia,

1030 2017 1056 2040 ct
1078 2013 1195 2040 horroris
1215 2014 1303 2048 plena.
1324 2014 1374 2042 Ubi
1395 2015 1466 2042 cuitu
1490 2016 1560 2042 Deus
1581 2020 1620 2042 est
1643 2016 1686 2050 qui
1709 2016 1769 2043 vita:
1789 2024 1821 2043 ac

1030 2059 1102 2085 necis
1122 2063 1278 2093 potestatem
1300 2060 1388 2093 habet,
1402 2060 1426 2088 is
1443 2060 1516 2087 locus
1528 2066 1567 2087 est
1581 2061 1703 2088 terribilis
1712 2061 1819 2097 (ΜιιιιΙι.

1031 2105 1075 2134 10.
1097 2105 1143 2140 28)
1158 2114 1164 2132 :
1181 2106 1225 2133 ubi
1248 2113 1385 2134 sermones
1409 2106 1538 2134 habentur
1559 2107 1653 2134 inliniti
1678 2108 1711 2135 de
1734 2109 1821 2143 ptenis

1031 2150 1149 2182 attentis,
1163 2150 1196 2177 de
1209 2151 1360 2179 ﬂuminibus
1383 2151 1482 2186 igneis,
1507 2152 1540 2179 de
1561 2158 1690 2180 venenato
1709 2161 1818 2187 verme,

1030 2195 1064 2223 de
1078 2196 1188 2223 vinculis
1209 2197 1294 2231 rumpi
1317 2197 1423 2228 nesciis,
1435 2197 1468 2224 de
1489 2197 1607 2224 tenebris
1635 2200 1819 2228 exterioribus

1031 2240 1095 2276 (Id.
1110 2241 1238 2277 22.15).
1263 2242 1302 2269 Illi
1322 2250 1386 2270 vero
1410 2242 1474 2269 nihil
1495 2242 1589 2270 horum
1609 2251 1641 2270 ne
1663 2244 1821 2270 somniando

1033 2287 1140 2322 quidem
1155 2289 1256 2320 sciunt,
1273 2288 1357 2316 ventri
1372 2288 1471 2322 dediti,
1487 2290 1661 2323 prmsentibus
1675 2290 1818 2322 inhiantes,

1032 2334 1120 2367 porcis
1133 2334 1266 2368 hircisque
1280 2334 1363 2360 nihilo
1374 2334 1496 2362 meliores
1508 2343 1560 2370 prae
1571 2336 1676 2363 lascivia
1686 2335 1822 2370 nimiaque

1031 2379 1148 2414 crapula.
1167 2379 1274 2414 Hocque
1289 2387 1370 2406 unum
1389 2385 1496 2413 norunt,
1510 2381 1598 2408 ventri
1621 2380 1731 2412 servire,
1754 2382 1822 2409 ebrii

1031 2432 1100 2457 esse,
1117 2431 1164 2459 pro
1177 2425 1346 2453 saltatoribus
1357 2426 1492 2457 contundi,
1507 2434 1554 2461 pro
1568 2427 1665 2462 aurigis
1675 2428 1820 2454 vulnerari.

1032 2470 1155 2497 llmceine
1176 2475 1237 2498 sunt
1255 2471 1344 2505 gravia
1359 2475 1386 2498 et
1398 2472 1545 2498 terribilia?
1560 2472 1624 2505 Quis
1638 2472 1689 2499 hoc
1705 2472 1822 2500 dixerit?

1033 2515 1109 2544 Unde
1130 2523 1193 2551 ergo
1212 2516 1288 2543 nobis
1306 2516 1361 2543 visa
1385 2521 1447 2543 sunt
1471 2517 1607 2551 terribilia,
1623 2518 1673 2545 nisi
1687 2521 1713 2545 et
1727 2526 1820 2545 servos

1032 2560 1174 2595 ignominia
1187 2565 1302 2593 notatos,
1314 2562 1409 2596 quibus
1423 2562 1494 2589 nulla
1507 2567 1548 2589 est
1559 2563 1683 2597 loquendi
1699 2563 1818 2595 libertas,

1032 2606 1130 2641 quique
1140 2606 1219 2633 domo
1233 2607 1310 2634 herili
1323 2608 1489 2641 exciderunt,
1505 2608 1600 2635 terrori
1613 2616 1673 2636 esse
1687 2609 1760 2636 dicas
1776 2609 1819 2642 iis,

1032 2651 1075 2685 qui
1098 2656 1161 2678 sunt
1185 2653 1305 2679 honorati
1318 2657 1344 2679 et
1358 2653 1478 2681 libertate
1500 2655 1628 2681 utuntur?
1647 2654 1744 2682 Verum
1763 2656 1822 2684 haec

1032 2703 1084 2722 non
1094 2697 1128 2723 ita
1135 2704 1164 2724 se
1175 2697 1282 2730 habent,
1291 2705 1343 2724 non
1355 2698 1389 2725 ita
1400 2706 1463 2726 sane
1471 2706 1500 2726 se
1511 2699 1647 2727 habent.Si
1655 2701 1760 2734 quidem
1770 2709 1822 2728 nec

1032 2748 1158 2775 caupona:
1177 2743 1258 2777 regiis
1276 2742 1344 2770 aulis
1361 2742 1494 2778 digniores
1505 2749 1585 2777 sunt;
1598 2745 1660 2780 quin
1674 2746 1824 2773 diversorio

1032 2788 1126 2822 quovis
1148 2788 1221 2816 locus
1239 2789 1385 2824 Synagoga:
1412 2790 1575 2818 inhoneslior
1595 2795 1646 2818 est.
1667 2790 1724 2818 Non
1748 2792 1821 2819 enim

1035 2832 1176 2866 latronum,
1201 2841 1285 2869 neque
1306 2842 1453 2870 cauponum
1476 2836 1639 2871 simpliciter,
1653 2836 1700 2864 scd
1722 2837 1825 2866 dmino-
