2043 3116
194 142 246 170 849

196 211 260 232 num
280 207 322 232 est
343 202 481 231 habitatio.
496 201 551 229 lmo
575 208 627 229 non
652 199 797 237 Synagoga:
820 200 915 231 solum,
937 198 985 227 sed

196 250 260 284 ipsa:
272 249 352 277 etiam
364 248 515 276 Iudaeorum
529 247 624 274 animae
640 254 647 274 :
661 246 731 281 quod
744 245 871 273 orationis
881 245 986 280 epilogo

197 294 315 323 conabor
327 294 519 321 demonstrare.
532 293 619 327 Quare
630 299 677 319 vos
691 292 792 325 hortor,
806 296 834 319 ut
847 290 924 326 hujus
936 298 985 327 po-

200 341 330 368 tissimum
352 339 550 374 disceptationis
571 338 754 366 memineritis.
778 337 837 365 Non
859 337 930 365 enim
953 336 987 364 ad

196 386 411 419 ostentationem,
428 392 513 420 neque
535 389 642 419 propter
664 384 819 419 applausum
835 390 906 410 nunc
917 382 986 410 dici-

198 440 258 460 mus
271 441 278 460 τ
291 432 338 460 sed
352 437 379 459 ut
394 431 547 460 medeamur
560 431 655 458 animis
669 431 774 458 vestris.
794 430 860 457 Nam
875 430 934 464 quis
947 433 988 457 est

198 479 272 506 vobis
283 484 372 506 sermo
383 477 561 505 excusationis
578 477 711 512 reliquus,
727 477 749 504 si
764 477 790 504 in
806 481 878 503 tanta
901 475 986 503 medi-

197 531 288 550 corum
302 523 380 557 copia
392 523 472 557 aliqui
488 522 634 557 a‘grotcut?

233 569 319 604 Major
330 577 389 604 pars
402 569 471 595 urbis
484 568 624 595 Antiochia:
638 567 780 595 Christiana
793 572 856 594 erat.
867 582 903 587 —
915 567 987 594 Duo-

198 615 284 642 decim
308 619 383 642 erant
403 615 527 650 apostoli.
542 618 569 642 et
581 614 733 641 universum
748 613 874 640 mundum
889 613 989 640 allexe-

199 665 262 688 runt
274 670 281 688 :
298 661 382 696 major
404 668 465 696 pars
478 661 551 688 urbis
563 665 605 688 est
616 660 780 693 Christiana,
795 664 821 687 et
833 659 919 687 adhuc
929 659 989 694 qui-

198 708 260 735 dam
287 707 380 736 morbo
402 706 530 734 Judaismi
560 706 693 733 laborant.
718 706 749 733 Et
771 713 821 740 qua
852 712 902 732 nos
932 705 990 732 sani

199 753 353 785 defensione
365 752 487 780 utemur?
502 752 575 787 Digni
591 759 656 780 sane
675 752 754 780 etiam
774 751 866 786 aegroti
881 751 916 778 illi
929 756 991 778 sunt

199 798 310 827 Crimine
332 807 338 825 :
360 798 406 825 sed
429 806 515 832 neque
538 805 587 825 nos
606 805 731 824 vacamus
754 797 850 832 culpa,
876 797 940 832 ipsis
963 797 989 824 in

200 844 293 871 morbo
305 844 442 878 neglectis.
453 843 501 870 Vix
517 843 586 871 enim
600 851 631 870 ac
646 852 679 870 ne
695 843 736 870 vix
750 843 856 878 quidem
871 843 893 870 si
908 843 991 870 multa

201 895 291 918 nostra
305 898 367 918 cura
383 890 542 923 fruerentur,
555 890 652 917 inﬁrmi
667 897 726 917 esse
741 895 889 925 pergerent.
900 889 987 923 Quare

200 936 346 970 anlicipans
368 935 425 963 haec
438 943 508 963 nunc
523 936 592 968 dico,
607 941 635 962 ut
649 935 759 970 quilibet
771 940 888 961 vestrum
908 939 990 961 attra-

201 981 246 1008 hat
260 981 378 1013 fratrem,
394 982 473 1009 etiam
487 980 509 1008 si
523 981 666 1008 necessitas
682 979 839 1015 imponenda
854 981 897 1013 sit,
911 980 990 1007 etiam

201 1028 222 1055 si
247 1027 288 1054 vis
307 1027 436 1059 facienda,
451 1027 530 1054 etiam
550 1027 572 1054 si
590 1027 758 1054 coututucliis
776 1030 803 1054 et
817 1026 991 1054 contentione

201 1073 279 1100 fuerit
293 1081 359 1108 opus
375 1081 382 1101 :
398 1081 503 1100 omnent
525 1076 631 1100 moveto
650 1072 777 1108 lapidem,
792 1072 877 1107 ipsum
891 1076 920 1099 ut
934 1071 992 1099 dia-

201 1120 254 1146 boli
273 1119 367 1154 laqueo
380 1119 491 1150 eximas,
513 1118 662 1153 liberesquc
677 1125 691 1144 a
706 1117 866 1145 commercio
886 1124 1008 1149 eorum,~»

202 1165 246 1200 qui
268 1165 402 1192 Christum
423 1165 481 1192 neci
503 1164 643 1191 dederunt.
657 1164 685 1191 Si
700 1164 804 1191 videres
818 1164 844 1191 in
858 1164 915 1191 foro
930 1163 990 1192 duci

201 1211 351 1245 quempiam
365 1210 397 1237 ad
419 1209 586 1245 supplicium,
610 1209 712 1237 calculo
730 1209 802 1245 justo
825 1209 990 1243 damnatum,

202 1256 301 1291 tibique
322 1256 432 1283 liberum
454 1259 525 1283 esset
545 1254 579 1282 de
603 1255 735 1282 carniﬁcis
760 1255 884 1282 manibus
906 1255 992 1289 ipsum

202 1309 304 1335 rapere,
321 1309 408 1328 annon
423 1300 528 1336 quidvis
543 1299 654 1332 faceres,
672 1306 701 1327 ut
712 1299 906 1328 abduceretur?
918 1300 993 1328 Nunc

202 1355 260 1374 cum
277 1355 371 1375 cernas
385 1347 491 1374 fratrem
506 1351 578 1374 tuum
591 1354 643 1373 non
657 1354 670 1372 a
684 1346 787 1379 lictore,
800 1346 847 1373 sed
860 1353 875 1372 a
888 1345 993 1373 diabolo

204 1394 236 1421 ad
252 1394 407 1429 perditionis
428 1393 582 1420 barathrum
596 1399 688 1420 contra
699 1392 743 1428 jus
758 1396 785 1420 et
797 1392 837 1419 fas
850 1392 919 1419 trahi
929 1412 936 1424 ,
950 1391 992 1419 vel

203 1441 349 1473 symbolam
364 1441 481 1475 gravaris
494 1441 569 1472 dare,
583 1447 634 1475 qua
660 1440 745 1474 ipsum
768 1439 912 1474 iniquitatis
932 1439 992 1465 vin-

202 1487 262 1513 culo
281 1487 390 1513 exiutas.
409 1486 441 1513 Et
461 1485 594 1520 quomodo
613 1485 689 1512 venia
705 1484 741 1511 sis
756 1483 928 1519 dignus?Sed
943 1491 990 1510 va-

203 1534 298 1560 lentior
319 1538 344 1560 te
364 1537 415 1565 est,
433 1536 459 1559 et
473 1532 616 1567 potentior.
641 1531 703 1558 Mihi
727 1530 813 1565 ipsum
834 1529 989 1557 ostendito:

204 1578 348 1613 periculum
372 1578 465 1613 capitis
486 1577 581 1604 subibo
601 1576 697 1611 potius,
712 1583 791 1610 quam
805 1580 833 1602 ut
847 1575 932 1610 patiar
946 1582 991 1602 sa-

203 1631 308 1650 crorum
331 1623 404 1650 ἱΙΙιιιιι
432 1622 532 1657 ingredi
556 1621 704 1654 vestibula,
726 1621 749 1648 si
771 1621 942 1656 pertinaciter
967 1620 992 1647 in

204 1669 340 1704 proposito
363 1668 499 1695 manserit.
512 1667 579 1702 Quid
600 1667 672 1694 enim
687 1666 735 1694 tibi
749 1674 810 1694 cum
822 1666 917 1696 libera.
932 1673 993 1693 cum

203 1715 302 1742 ('rulcsti
324 1713 470 1741 Jerusalem
490 1711 650 1740 commune?
673 1711 799 1746 Delegisti
823 1716 992 1745 terrestrem;

203 1768 263 1786 cum
279 1767 308 1786 ea
336 1758 435 1786 servito
450 1767 457 1785 :
472 1765 532 1785 natu
545 1761 573 1784 et
591 1757 646 1791 ipsa
669 1764 730 1784 cum
751 1756 812 1783 ﬁliis
833 1756 888 1784 suis
910 1756 994 1784 servit

204 1805 349 1833 secundum
366 1803 486 1840 Apostoli
501 1803 579 1831 verba
594 1803 692 1838 (Galat.
706 1803 732 1830 ιι.
742 1802 919 1838 25).)ejunas
932 1810 992 1830 cum

203 1850 322 1878 Judu-is?
336 1850 444 1884 Depone
466 1849 553 1876 soleas
577 1856 682 1884 quoque
708 1856 768 1876 cum
790 1848 858 1882 istis,
868 1853 895 1876 et
915 1849 993 1877 nudis

205 1898 229 1924 in
246 1898 301 1923 foro
315 1897 424 1930 pedibus
436 1896 541 1924 ambula
564 1897 696 1931 particeps
719 1895 836 1923 indecori
858 1900 948 1931 gestus
966 1900 994 1923 et

204 1943 271 1970 risus
286 1950 388 1970 eorum.
402 1943 459 1970 Hoc
479 1942 549 1969 haud
574 1942 661 1970 facere
681 1942 778 1977 gestias
793 1951 799 1969 :
815 1942 898 1977 pudet
909 1942 991 1976 enim,

205 1993 230 2014 et
245 1988 341 2014 ruhorc
352 1986 590 2015 suifunderisJam
605 1987 721 2021 gestibus
736 1994 828 2014 eorum
839 1986 878 2014 uti
890 1986 971 2021 pudet
984 1995 992 2015 :

205 2033 347 2067 impietatis
362 2040 424 2060 vero
437 2032 592 2060 earumdem
608 2031 695 2059 socius
710 2039 769 2059 esse
782 2038 834 2058 non
846 2031 992 2060 erubescis.

205 2079 272 2112 Quid
294 2082 382 2105 autem
399 2078 484 2105 venite
495 2077 660 2112 impetrabis,
675 2084 735 2104 cum
749 2076 786 2104 sis
800 2076 992 2104 semichristia—

205 2124 271 2151 nus?
290 2123 317 2150 In
331 2123 425 2158 capitis
444 2122 587 2150 discrimen
611 2123 685 2158 prius
706 2122 844 2157 adducar,
867 2123 968 2151 credite
983 2143 991 2156 ,

205 2177 282 2205 quam
304 2170 386 2197 ullum
409 2168 555 2196 istiusmodi
569 2169 662 2196 morbo
677 2176 832 2204 oppressum
848 2169 990 2204 negligam,

205 2216 227 2243 si
244 2215 351 2248 videro;
363 2215 403 2242 sin
417 2222 460 2242 mc
474 2214 576 2248 latebit,
594 2215 664 2244 Deus
676 2215 784 2242 omnino
792 2215 921 2250 ignoscet.
931 2215 993 2243 llazc

205 2269 295 2288 secum
309 2261 421 2296 quisque
441 2260 520 2287 etiam
543 2264 658 2288 vestrum
682 2263 796 2295 reputet,
810 2267 860 2288 nec
878 2268 935 2288 rem
958 2260 992 2287 ita

205 2307 291 2334 levem
304 2306 430 2341 quasique
438 2305 524 2333 obiter
534 2306 676 2333 curandam
687 2305 829 2333 existimet.
841 2305 898 2334 Non
908 2311 994 2334 atten-

206 2351 282 2378 distis
296 2351 358 2386 quid
368 2352 393 2378 in
407 2358 481 2378 sacra
495 2351 593 2387 Synaxi
606 2351 738 2378 Diaconus
752 2350 866 2379 subinde
878 2351 994 2379 clamet?

207 2397 258 2424 Alii
270 2397 333 2425 alios
346 2398 439 2424 noscite
452 2405 462 2424 :
474 2397 608 2433 quomodo
622 2398 648 2425 in
662 2397 756 2425 fratres
772 2397 891 2425 studiose
905 2397 993 2433 inqui-

206 2442 281 2469 rendi
296 2442 445 2470 facultatem
457 2443 530 2470 vobis
542 2443 675 2478 praebeat?
691 2443 762 2470 ldcm
771 2443 797 2470 in
806 2443 858 2471 illis
870 2443 992 2471 observa.

206 2488 232 2515 Si
247 2495 325 2523 quem
339 2488 461 2523 cognoris
469 2488 648 2523 judaizantem
658 2509 665 2522 ,
678 2488 822 2523 prehende,
835 2493 925 2516 notum
940 2489 991 2522 fac,
1004 2508 1006 2511 ι

207 2540 240 2560 ne
247 2533 316 2559 idem
325 2533 380 2568 ipse
387 2541 490 2568 quoque
499 2534 643 2569 periculum
652 2534 757 2561 subeas.
764 2534 828 2561 Nam
834 2539 860 2562 et
869 2535 894 2561 in
900 2535 994 2562 castris

207 2584 367 2610 cxterorum,
382 2579 403 2605 si
419 2579 477 2613 quis
500 2580 577 2607 utiles
593 2579 807 2614 deprehendatur
821 2580 992 2608 barbarorum

207 2625 399 2659 Persarumque
414 2624 509 2658 fautor,
526 2633 578 2652 non
592 2627 648 2660 ipse
660 2625 746 2653 solum
760 2625 846 2660 capite
859 2626 992 2661 periclita-

207 2676 260 2701 tur,
273 2670 320 2697 sed
342 2670 452 2705 quilibet
471 2670 529 2705 ejus
541 2671 579 2699 rei
602 2673 735 2705 conscius,
747 2679 796 2699 nec
809 2671 869 2699 duci
892 2672 994 2699 exerci-

208 2725 249 2746 tus
264 2719 337 2746 illum
351 2719 475 2753 prodens.
492 2719 556 2747 Cum
572 2720 650 2755 igitur
662 2725 689 2748 et
702 2727 750 2748 vos
760 2721 817 2748 sitis
834 2719 932 2749 Christi
946 2729 993 2749 cx-

206 2765 320 2797 ereitus,
343 2764 448 2792 curiose
469 2771 501 2792 ac
522 2764 663 2800 diligenter
684 2765 824 2800 inquirite,
848 2774 911 2794 num
935 2767 994 2801 quis

206 2811 350 2845 alienigena
366 2811 441 2839 vobis
450 2811 482 2839 sit
493 2811 636 2844 admixtus,
650 2811 760 2847 ejusque
775 2820 871 2840 nomen
883 2813 992 2847 deferte,

207 2864 260 2884 non
272 2862 300 2885 ut
313 2857 474 2886 occidamus,
487 2857 559 2886 velut
578 2857 634 2892 illi;
648 2865 732 2893 neque
747 2863 774 2885 ut
789 2865 867 2894 papa
891 2859 992 2894 suppli~

798 142 976 171 ADVERSUS
993 141 1143 173 JUDAEOS.
1164 144 1184 172 1.

1774 149 1828 177 850

1039 200 1114 228 ciove
1127 199 1274 228 afﬁciamus
1286 211 1294 230 :
1305 201 1352 230 sed
1368 206 1494 231 uterrore
1510 206 1588 238 atque
1598 202 1733 238 impietate
1743 203 1830 239 ipsum

1039 244 1192 278 liberemus,
1216 246 1374 282 penitusque
1397 252 1517 274 nostrum
1542 248 1693 276 reddamus.
1714 248 1789 283 Quod
1805 250 1830 277 si

1039 291 1140 323 nolitis,
1160 291 1327 327 scientesque
1351 293 1452 326 celetis,
1478 294 1585 322 easdem
1599 303 1663 328 vos,
1685 303 1751 330 quas
1775 296 1830 329 illi,

1040 344 1132 371 poenas
1145 337 1253 365 daturos
1262 345 1331 370 esse,
1344 340 1426 374 probe
1439 339 1522 367 nostis
1535 362 1542 369 .
1555 341 1655 370 Paulus
1665 342 1830 378 (Rom.l.52)

1040 384 1138 411 etenim
1153 391 1206 411 non
1220 391 1267 412 eos
1288 385 1384 418 solum,
1399 386 1443 420 qui
1466 386 1535 413 mala
1559 391 1722 422 perpetrant,
1736 395 1830 415 verum

1040 434 1067 457 et
1087 429 1278 465 approbatorcs
1306 438 1391 466 paenae
1411 437 1439 459 et
1455 433 1586 467 supplicio
1604 432 1720 468 subjicit.
1743 433 1831 468 Atque

1040 477 1119 503 etiam
1135 477 1261 511 propheta
1272 476 1434 512 (Psalm.49.
1446 478 1491 514 18)
1507 486 1558 506 non
1575 478 1647 506 fures
1661 483 1773 514 tantum,
1783 480 1832 507 sed

1040 527 1068 550 et
1089 530 1148 550 cum
1171 523 1222 550 illis
1243 528 1380 551 currentes
1402 524 1488 552 eidetn
1513 532 1599 560 paenae
1620 526 1728 559 addicit,
1752 526 1832 561 idque

1041 571 1147 597 merito.
1162 570 1227 597 Nam
1238 571 1282 605 qui
1295 572 1401 606 culpam
1423 572 1532 599 alterius
1552 573 1673 600 conscius
1693 573 1790 601 occulit
1804 578 1832 601 et

1041 616 1115 650 tegit,
1129 616 1256 650 majorem
1277 617 1314 643 illi
1336 617 1380 644 dat
1400 618 1530 645 socordize
1544 625 1647 652 ansam,
1661 623 1740 654 atque
1752 626 1832 647 secu-

1043 662 1142 689 riorem
1157 662 1183 689 in
1196 663 1394 690 committendis
1408 663 1511 690 delictis
1525 664 1623 691 reddit.

1077 707 1104 734 5.
1120 707 1217 734 Verum
1232 707 1264 735 ad
1278 712 1395 742 aegrotos
1415 715 1508 735 rursus
1522 708 1697 736 redeundum.
1713 709 1834 744 Cogitate

1042 751 1131 786 igitur,
1145 752 1300 788 quibuscum
1314 753 1331 779 ii
1346 753 1535 780 commercium
1558 753 1683 786 habeant,
1700 754 1744 789 qui
1764 761 1834 782 nunc

1042 799 1165 834 jejunanl
1178 808 1184 825 :
1197 807 1258 825 cum
1271 799 1304 826 iis
1316 801 1360 833 qui
1371 800 1534 832 clamarnnt,
1547 799 1689 835 Cruci/iga,
1701 800 1829 834 cruci/iga

1044 845 1120 880 (Luc.
1130 845 1234 877 23,11";
1243 845 1433 878 quidixerunl,
1445 845 1559 881 Sanguis
1571 846 1627 880 ejus
1643 854 1721 880 super
1735 853 1794 877 nos,
1803 849 1829 872 et

1042 891 1195 925 sapere/ilics
1207 890 1427 923 nostros(Mauh.
1448 890 1493 918 27.
1509 891 1552 919 25.
1577 891 1635 926 25.)
1646 891 1727 926 Siqui
1735 895 1829 926 tyran-

1042 936 1114 964 nidis
1127 936 1258 963 affectata:
1267 936 1430 963 reidanmati
1449 940 1552 968 essent,
1563 935 1687 971 nunquid
1698 936 1831 963 accedere

1042 986 1069 1009 et
1086 989 1239 1009 sermonem
1251 989 1312 1008 cum
1323 981 1376 1009 illis
1384 981 1512 1009 conferre
1521 981 1658 1010 auderes?
1674 981 1732 1008 Non
1748 981 1828 1016 equi-

1041 1026 1102 1054 dent
1112 1030 1187 1062 puto.
1204 1027 1302 1053 Annon
1315 1027 1400 1062 igitur
1410 1027 1572 1060 absurdum,
1588 1035 1636 1055 eos
1647 1027 1694 1062 qui
1707 1028 1733 1054 in
1743 1026 1830 1054 homi-

1040 1079 1102 1100 nem
1120 1072 1271 1107 peccarint,
1287 1076 1342 1099 tam
1359 1071 1483 1100 studiose
1498 1072 1611 1108 fugere;
1624 1081 1685 1100 cum
1699 1073 1733 1100 iis
1750 1079 1826 1105 vero,

1040 1117 1086 1152 qui
1095 1117 1287 1145 contumeliosi
1297 1117 1324 1145 in
1336 1117 1427 1153 ipsum
1437 1117 1522 1145 Deum
1533 1117 1656 1148 fuerunt.
1667 1119 1828 1146 societatem

1044 1161 1112 1189 inire
1126 1169 1134 1188 :
1148 1165 1174 1188 et
1195 1161 1350 1188 crucifixum
1373 1160 1536 1194 adorantes,
1561 1167 1621 1188 cum
1645 1161 1677 1187 iis
1698 1161 1743 1196 qui
1765 1160 1838 1189 cruel

1044 1206 1118 1234 illum
1131 1206 1241 1234 afﬁxere
1254 1206 1361 1233 feriari?
1374 1206 1451 1240 Quod
1463 1213 1515 1233 non
1529 1205 1671 1234 dementiae
1684 1206 1780 1239 solum,
1790 1206 1838 1234 sed

1044 1256 1171 1279 extremae
1183 1251 1262 1278 etiam
1276 1254 1317 1278 est
1327 1250 1447 1278 insanim.
1461 1250 1591 1284 Quoniam
1615 1258 1680 1278 vero
1703 1251 1840 1279 nonnullis

1044 1298 1182 1334 Synagoga
1193 1305 1298 1333 quoque
1308 1297 1466 1325 venerabilis
1478 1297 1552 1325 locus
1560 1297 1673 1333 videtur,
1686 1298 1839 1326 necessario

1046 1351 1128 1378 pauca
1139 1344 1219 1371 etiam
1228 1347 1320 1370 eontra
1330 1343 1387 1371 illos
1395 1342 1517 1371 dicenda.
1528 1343 1580 1370 Cur
1587 1343 1657 1371 enim
1667 1343 1754 1371 locum
1765 1343 1839 1371 illum

1045 1388 1222 1422 vcncramini,
1230 1389 1274 1424 qui
1283 1388 1504 1421 contemnendus,
1518 1388 1722 1422 abominandus,
1732 1393 1759 1417 ct
1767 1388 1844 1418 unde

1045 1434 1217 1462 resiliendum
1240 1434 1332 1462 esset?
1350 1434 1416 1467 Lex,
1440 1435 1538 1469 inquis,
1560 1436 1678 1470 reposita
1698 1435 1735 1464 ibi
1747 1439 1801 1470 est,
1811 1439 1841 1463 et

1045 1479 1104 1506 libri
1119 1478 1276 1514 prophetici.
1301 1479 1370 1514 Quid
1393 1479 1468 1507 tum?
1489 1480 1598 1508 Librine
1618 1481 1778 1515 istiusmodi,
1793 1479 1843 1508 ubi

1044 1529 1115 1557 sunt,
1130 1525 1189 1553 loco
1209 1526 1376 1554 sanctitatem
1399 1526 1556 1554 conferunt?
1577 1527 1760 1563 Nequaquam.
1784 1528 1841 1563 Ego

1044 1579 1109 1599 vero
1121 1571 1156 1599 ob
1169 1571 1220 1600 hoc
1234 1572 1319 1607 ipsum
1336 1572 1419 1607 magis
1432 1572 1476 1600 odi
1486 1572 1652 1608 Synagogam
1665 1580 1840 1609 aversorque,

1045 1617 1115 1652 quod
1128 1617 1272 1652 prophetas
1285 1618 1400 1652 habent,
1415 1626 1465 1646 nec
1488 1619 1521 1646 iis
1539 1619 1651 1647 credunt
1666 1628 1672 1646 :
1687 1620 1779 1648 literas
1797 1627 1842 1648 sa-

1045 1669 1104 1690 cras
1115 1663 1214 1698 legunt,
1224 1670 1273 1690 nec
1281 1663 1433 1690 testimonia
1447 1668 1586 1699 acceptant
1600 1674 1606 1692 :
1618 1665 1688 1700 quod
1700 1665 1839 1693 hominum

1045 1713 1086 1736 est
1109 1716 1188 1744 supra
1213 1709 1321 1737 modum
1345 1710 1544 1744 injuriosorum.
1565 1710 1631 1738 Nam
1644 1711 1705 1744 ,dic
1722 1711 1799 1745 mihi,
1816 1711 1839 1739 si

1045 1755 1225 1783 venerabilem
1242 1755 1395 1790 quemdam,
1409 1756 1550 1791 insignem,
1565 1761 1645 1792 atque
1657 1757 1788 1785 illustrem
1799 1758 1840 1785 vi-

1045 1809 1103 1829 rum
1116 1802 1141 1829 in
1155 1809 1301 1836 cauponam
1324 1802 1395 1836 duci,
1416 1807 1462 1830 aut
1480 1802 1506 1830 in
1520 1803 1673 1838 speluncam
1693 1803 1840 1838 latronum,

1045 1852 1137 1883 postea
1156 1848 1333 1881 contumeliis,
1354 1849 1523 1883 verberibus,
1540 1854 1620 1885 atque
1645 1850 1749 1885 injuriis
1768 1851 1841 1880 allici

1045 1894 1171 1922 extremis
1195 1902 1321 1922 cerneres
1339 1904 1346 1923 :
1368 1894 1559 1924 admirandane
1583 1896 1629 1923 tibi
1651 1903 1772 1932 caupona
1792 1901 1840 1924 aus

1044 1940 1170 1975 spelunca
1188 1940 1331 1972 videretur,
1353 1948 1385 1968 eo
1404 1940 1475 1976 quod
1498 1941 1640 1976 prmelarus
1654 1942 1699 1969 iile
1713 1950 1840 1978 magnus-

1045 1994 1096 2021 que
1119 1987 1191 2014 intus
1214 1986 1327 2019 steterit,
1343 1991 1371 2014 et
1385 1987 1579 2015 contumeliose
1599 1992 1727 2016 tractatus
1743 1988 1843 2016 fuerit?

1043 2031 1101 2059 Non
1120 2031 1235 2059 arbitror
1247 2031 1389 2067 equidem;
1405 2032 1451 2059 sed
1467 2032 1516 2059 hac
1539 2032 1595 2067 ipsa
1610 2033 1643 2060 de
1663 2040 1742 2061 causa
1766 2034 1840 2062 illam

1044 2078 1210 2113 potissimum
1221 2077 1324 2105 odisses
1332 2082 1521 2112 aversatusque
1530 2085 1613 2106 esses.
1624 2078 1694 2106 Idem
1709 2078 1840 2114 judicium

1043 2123 1078 2151 de
1089 2122 1226 2159 Synagoga
1241 2127 1310 2151 esto.
1323 2122 1390 2150 Nam
1407 2123 1549 2158 prophetas
1568 2128 1594 2151 et
1616 2123 1723 2160 Moysen
1746 2132 1841 2152 secum

1045 2168 1106 2196 illuc
1116 2169 1302 2204 importarunt,
1318 2174 1371 2195 non
1386 2172 1414 2195 ut
1425 2167 1598 2202 honorarent,
1610 2169 1656 2196 scd
1671 2173 1698 2197 ut
1711 2169 1841 2204 iniuriose

1044 2222 1158 2250 cumque
1167 2214 1309 2250 ignominia
1321 2217 1474 2242 tractarent.
1485 2213 1552 2241 Cum
1563 2214 1633 2241 enim
1645 2222 1692 2242 eos
1702 2214 1839 2243 Christum

1046 2260 1163 2292 novisse,
1175 2264 1202 2287 et
1211 2259 1245 2287 de
1256 2259 1314 2295 ejus
1326 2259 1442 2287 adventu
1455 2259 1599 2295 quidquam
1615 2259 1715 2288 dixisse
1729 2265 1838 2295 negent,

1045 2315 1095 2342 qua
1111 2306 1213 2342 majore
1224 2305 1320 2341 injuria
1333 2310 1432 2341 queant
1445 2310 1552 2334 sanctos
1561 2306 1620 2333 illos
1630 2305 1748 2339 afﬁcere,
1757 2314 1838 2341 quam

1045 2353 1212 2385 accusando,
1237 2360 1314 2380 suum
1334 2352 1406 2387 ipsos
1427 2351 1568 2379 Dominum
1589 2351 1734 2385 ignorasse,
1749 2357 1776 2379 et
1786 2352 1838 2379 im-

1046 2396 1151 2432 pictatis
1172 2395 1260 2423 socios
1273 2394 1441 2422 asserendo?
1455 2394 1544 2427 Quare
1558 2393 1618 2421 ideo
1631 2393 1714 2429 magis
1726 2398 1753 2421 et
1765 2394 1838 2429 ipsos

1046 2447 1073 2470 et
1085 2442 1249 2477 Synagogam
1271 2441 1418 2474 oderimus,
1434 2440 1504 2476 quod
1519 2440 1545 2468 in
1560 2445 1666 2468 sanctos
1687 2440 1748 2468 iilos
1769 2440 1839 2469 adeo

1045 2488 1254 2516 debacchentur.
1264 2487 1298 2514 At
1308 2486 1370 2522 quid
1379 2486 1411 2514 de
1420 2485 1493 2513 libris
1503 2493 1534 2513 ac
1542 2485 1607 2513 locis
1615 2486 1676 2513 dico
1684 2486 1696 2513 1
1704 2486 1838 2522 Tempore

1045 2533 1279 2570 persequutionum
1294 2532 1433 2561 carniﬁces
1445 2539 1557 2568 corpora
1571 2537 1716 2568 martyrum
1728 2537 1836 2566 tenent,

1046 2580 1172 2612 lacerant,
1187 2578 1297 2614 ﬂagellis
1311 2577 1415 2606 caedunt
1431 2587 1438 2604 :
1451 2585 1515 2604 num
1535 2577 1614 2612 igitur
1628 2584 1721 2604 manus
1741 2585 1835 2605 eorum

1046 2629 1143 2653 sancta:
1155 2646 1163 2658 ,
1188 2624 1259 2660 quod
1278 2628 1424 2660 martyrum
1445 2630 1556 2659 corpora
1586 2623 1745 2651 tenuerint?
1764 2623 1836 2651 Nihil

1046 2673 1141 2699 minus.
1157 2671 1215 2701 Jam
1239 2677 1344 2704 manus,
1359 2678 1418 2706 quae.
1438 2675 1589 2698 sanctorum
1609 2677 1719 2705 corpora
1741 2674 1835 2698 tenue-

1046 2722 1116 2752 'runt,
1127 2719 1214 2754 impia;
1224 2721 1342 2752 manent,
1350 2718 1409 2745 ideo
1420 2718 1509 2753 utique
1516 2717 1585 2752 quod
1595 2716 1675 2753 impie
1682 2721 1834 2750 tenuerunt;

1046 2771 1072 2795 et
1085 2767 1114 2799 ii,
1127 2767 1171 2801 qui
1184 2766 1280 2801 scripta
1298 2769 1450 2793 sanctorum
1465 2769 1647 2792 tractantem
1658 2764 1751 2798 injuria
1761 2784 1769 2796 ,
1781 2770 1837 2791 non

1046 2812 1134 2839 minus
1145 2819 1224 2847 quam
1237 2810 1375 2838 carniﬁces
1389 2814 1535 2846 martyrum
1549 2817 1659 2846 corpora
1668 2829 1677 2842 ,
1690 2808 1838 2836 venerandi

1047 2862 1185 2894 propterea
1200 2856 1296 2887 erant?
1310 2856 1405 2884 Annon
1419 2859 1548 2884 extrema:
1556 2848 1607 2883 hoc
1614 2853 1694 2882 fuerit
1706 2852 1839 2883 insaniat?
