2043 3116
222 137 269 164 87$!

221 201 248 229 Si
264 200 334 228 cnim
349 205 448 226 tantum
474 199 557 229 alvcs-t,
573 198 588 223 ii
602 196 684 222 sancti
698 199 725 221 ut
740 194 812 224 fiant,
834 191 877 226 qui
898 195 1008 222 corpora

223 247 303 280 impie
327 249 476 275 tenuerunt,
492 248 519 269 ut
539 241 622 275 magis
640 241 718 266 etiam
742 238 891 272 polluantur
906 244 912 261 :
930 234 1012 261 multo

224 279 311 319 minus
323 291 417 325 scripta
431 290 488 316 sine
502 289 552 315 fide
568 289 632 314 lecta
645 285 786 312 lectoribus
799 279 1013 331 umquam-prod-

223 341 428 372 essetpotcrunt.
446 336 499 362 lloc
525 334 609 368 ipsum
629 332 707 366 igitur
722 330 829 364 majoris
848 328 906 355 illos
921 327 1013 360 impie-

226 371 455 412 tatisConrincit,
478 379 558 406 libros
572 385 604 405 eo
618 376 728 404 consi-lio
751 374 896 409 possidere.
919 371 1008 405 Neque

225 429 295 456 enim
311 420 411 454 tantu'm
424 428 587 452 mererentur
595 423 704 451 crimen.
715 421 735 447 si
753 419 937 454 prophetarum
946 416 1014 443 scri-

226 473 278 508 ptis
297 472 460 501 caruissent;
483 477 534 496 non
557 473 610 495 tam
633 465 727 500 impuri
747 469 773 492 et
791 463 891 500 profani
914 465 1012 493 essent,

226 518 274 545 nisi
290 517 370 543 libros
392 515 528 550 legissent.
551 513 626 541 Nunc
647 512 715 538 nulla
731 510 793 545 ipsis
806 509 904 542 reliqua
917 511 956 534 est
970 513 1015 532 vc-

226 563 280 595 nia,
291 568 426 596 prmconcs
437 559 554 586 veritatis
562 566 622 585 cum
637 557 761 588 habeant,
773 559 799 581 ct
812 558 863 580 tam
875 552 929 603 illis.
937 558 1014 586 quam

226 608 329 634 veritati
343 606 430 632 hostili
444 605 532 632 animo
546 605 678 631 resistant.
690 601 816 634 Quocirca
823 607 855 626 eo
864 601 945 632 magis
957 604 1016 631 pro—

225 653 277 680 fani
290 658 368 687 alque
383 651 477 686 impttri
501 655 570 681 sunt,
586 649 655 684 quod
674 647 817 683 prophetas
832 645 939 675 habent,
954 649 1015 670 cos-

225 707 275 734 que
302 698 431 725 hostiliter
454 699 574 723 tractant.
595 695 722 728 Quarcut
743 691 846 726 fugiatis
864 689 973 720 hortor,
990 690 1017 714 et

225 733 259 772 ab
268 751 361 772 eorum
374 742 562 770 conventiculis
570 739 703 767 resiliatis.
715 737 771 765 Non
783 743 890 771 parvum
901 734 959 761 hinc
966 733 1017 760 fra-

227 791 312 817 tribus
322 788 508 816 inﬁrmioribus
518 786 651 816 damnum,
661 791 710 811 nec
721 782 821 810 modica
834 781 884 808 illis
904 779 964 806 hinc
974 785 1018 804 suo

228 835 324 869 pcrbia:
337 841 410 860 ansa.
423 832 487 859 Nam
498 831 520 858 si
529 831 643 858 viderint
652 835 708 861 vos,
716 829 758 863 qui
767 824 1017 854 adoratisChrislum

227 881 261 906 ab
275 879 338 913 ipsis
356 878 520 908 crucifixum,
542 874 706 903 ceremonias
726 873 829 900 illorum
853 870 972 906 persequi
992 873 1019 896 et

232 925 295 952 tanti
311 924 398 951 facere
411 931 418 950 :
435 921 567 956 quomodo
582 929 633 947 non
648 918 848 954 przcclarissimc
861 917 948 943 omnia
961 922 975 941 a
990 922 1019 942 se

229 974 302 1004 gesta
313 976 371 995 esse
385 968 524 1002 putabunt.
539 971 680 999 nostraque
694 963 789 990 nullius
803 963 878 997 pretii
891 982 898 994 ,
912 969 971 989 cum
987 968 1019 988 ea

231 1015 322 1041 colatis
334 1018 360 1040 et
374 1011 519 1040 observetis
540 1010 656 1044 quidem,
670 1009 715 1036 sed
733 1016 793 1035 cum
808 1008 850 1039 iis,
867 1007 911 1041 qui
927 1006 1018 1033 eadem

231 1060 378 1090 destruunt,
394 1057 524 1085 curratis?
538 1057 567 1083 Si
589 1056 654 1091 quis,
669 1055 753 1089 inquit
767 1054 918 1088 Apostolus,
931 1053 1020 1080 viderit

232 1111 255 1132 te
276 1105 319 1140 qui
342 1104 416 1130 habes
437 1103 565 1130 scientiam
583 1102 607 1128 in
623 1099 706 1128 idolio
721 1100 902 1127 recumbentem
917 1107 926 1126 :
939 1106 1021 1126 nonne

232 1151 381 1178 conscientia
395 1150 458 1184 ejus,
472 1149 514 1182 qui
524 1147 639 1181 inﬁrmus
649 1149 701 1178 est,
717 1145 882 1180 azdiﬁcabitur
901 1146 934 1173 at!
943 1145 1020 1171 eden-

232 1197 293 1223 dum
306 1204 335 1223 ea
356 1203 411 1230 quae
430 1199 487 1220 sunt
510 1193 585 1220 idolis
605 1191 734 1218 immolata
748 1191 786 1225 (Ι.
802 1190 860 1217 Cor.
874 1190 975 1225 8.10)?
989 1191 1020 1217 Et

232 1249 282 1275 ego
301 1240 370 1270 dico.
384 1240 404 1266 si
418 1239 475 1274 quis
494 1238 589 1265 viderit
604 1241 640 1269 te,
661 1236 705 1271 qui
717 1235 854 1262 scientiam
874 1234 966 1267 habes,
987 1234 1020 1262 ad

232 1288 396 1322 Synagogam
419 1286 501 1316 abire,
512 1284 587 1311 tubas
607 1287 745 1317 spectare:
760 1288 847 1310 nonne
857 1282 1019 1311 conscientia

233 1334 301 1368 ejus,
315 1339 374 1359 cum
397 1331 517 1358 infirmus
536 1329 580 1362 sit,
592 1332 741 1356 cxstruetur
753 1327 785 1355 ad
798 1336 884 1356 rerum
897 1328 1019 1355 Iudaica-

234 1387 293 1406 rum
302 1375 522 1404 admirationem?
533 1375 581 1408 Qui
593 1375 671 1406 cadit,
682 1382 733 1401 non
745 1375 832 1408 lapsus
842 1374 919 1400 modo
930 1380 1020 1407 pmnas

234 1424 288 1456 dat,
305 1423 350 1450 scd
364 1422 422 1457 quia
433 1422 499 1449 alios
511 1417 788 1452 ctiamsupplantavit,
797 1417 920 1450 punitur:
929 1424 1023 1451 quem-

234 1468 380 1495 admodum
406 1470 492 1497 stans,
521 1470 574 1490 non
599 1467 706 1497 propter
718 1463 840 1490 virtutem
862 1468 961 1490 tantum
975 1471 1021 1490 co-

232 1513 355 1538 ronatur;
369 1507 414 1534 sed
426 1508 486 1542 quia
498 1507 621 1534 eumdem
636 1509 661 1534 in
676 1508 734 1534 aliis
746 1508 831 1535 zelum
845 1509 978 1541 excitarit,
993 1509 1018 1536 in

232 1554 406 1580 admiratione
426 1557 476 1580 cst.
497 1553 604 1580 Illorum
627 1553 705 1587 igitur
729 1557 755 1580 et
765 1558 909 1580 conventus
923 1558 949 1581 et
961 1554 1018 1581 loca

233 1599 330 1634 fugite;
345 1606 392 1625 nec
417 1599 554 1633 quisquam
579 1603 686 1632 propter
698 1598 780 1625 libros
793 1597 956 1634 Synagogam
972 1606 1019 1626 ve-

233 1648 359 1675 neretur,
383 1643 430 1670 scd
454 1648 561 1677 propter
588 1643 645 1670 illos
668 1643 736 1670 hanc
757 1643 818 1670 odio
847 1648 1021 1678 prosequatur

233 1688 413 1722 fastidiatque.
436 1687 500 1714 Nam
524 1689 549 1714 in
568 1687 754 1714 contumeliam
776 1682 887 1715 sanctos
911 1692 1019 1722 tenent,

233 1734 294 1768 quia
308 1734 395 1760 verbis
408 1733 510 1760 illorum
525 1732 601 1759 fidem
612 1733 747 1767 derogant,
757 1733 818 1768 quia
827 1737 952 1761 extremm
962 1734 1020 1761 illos

233 1779 376 1813 impietatis
387 1786 447 1805 reos
461 1778 568 1805 faciunt.

241 1851 245 1854 ,
269 1824 295 1851 6.
323 1823 416 1850 Veteris
442 1823 594 1851 Testamenti
620 1824 791 1860 interpretatio
815 1826 861 1853 sub
884 1826 1021 1854 Ptolentma

235 1869 505 1904 Pttitadelplto.—At
525 1874 553 1896 ut
574 1871 753 1904 cognoscatis,
777 1871 858 1898 libros
871 1872 941 1905 nihil
963 1872 1022 1899 loco

237 1914 384 1942 sanctitatis
398 1913 529 1946 conferre,
545 1914 591 1941 sed
606 1914 685 1948 pollui
702 1916 778 1942 istum
793 1924 895 1949 eorum,
913 1917 956 1951 qui
970 1917 1022 1944 illic

238 1959 398 1986 conveniunt
410 1979 417 1991 ,
442 1959 560 1986 instituto
573 1968 579 1986 :
593 1959 728 1987 historiam
743 1966 857 1988 veterem
873 1962 946 1988 vobis
961 1970 1023 1989 nar-

235 2004 311 2030 rabo.
336 2003 403 2030 Cum
418 2003 576 2031 Ptolcmmus
594 2005 795 2039 Philadelphus,
819 2005 893 2033 libris
907 2007 1023 2042 undique

236 2048 367 2082 collectis,
389 2050 570 2084 cognovisset,
597 2050 664 2084 apud
687 2050 792 2078 Judacos
815 2052 894 2079 etiam
919 2057 1023 2080 exstare

235 2093 331 2128 scripta
341 2113 349 2125 ,
364 2101 424 2128 qua:
443 2094 476 2121 de
496 2094 550 2120 Deo
563 2099 642 2129 atque
657 2096 755 2130 optima
771 2096 923 2130 reipublicae
939 2097 1023 2125 forma

234 2141 352 2171 agerent,
362 2138 497 2165 accersitis
505 2147 520 2166 e
528 2139 619 2166 Judma
634 2140 696 2166 viris
710 2140 735 2166 in
749 2148 863 2175 graecum
873 2149 1022 2170 sermonem

235 2183 279 2210 illa
295 2183 350 2218 ipsa
367 2190 415 2217 per
425 2191 471 2210 eos
484 2184 662 2211 convertenda
674 2187 790 2218 curavit,
811 2191 888 2221 atque
904 2188 928 2215 in
944 2187 1023 2215 Sera-

236 2229 305 2262 pidis
320 2229 418 2263 templo
438 2229 556 2264 reposuit
566 2239 572 2256 :
582 2234 639 2257 erat
653 2231 723 2258 enim
738 2231 817 2259 homo
830 2240 939 2267 grzccus,
956 2239 982 2262 et
998 2235 1023 2262 in

235 2273 306 2301 hunc
325 2274 396 2300 diem
414 2281 498 2308 usque
512 2274 639 2302 librorum
663 2276 878 2310 propheticorum
893 2279 1024 2314 interpre-

236 2318 302 2345 tatio
317 2318 352 2345 ibi
366 2323 497 2345 servatur.
514 2319 617 2354 Ergone
631 2321 755 2354 templum
771 2322 904 2356 Serapidis
917 2329 1025 2358 propter

237 2362 319 2390 libros
333 2367 453 2390 sanctum
467 2363 535 2390 crit?
548 2364 633 2391 Absit.
646 2364 698 2392 Sed
708 2373 755 2393 sua
769 2366 820 2394 illis
834 2373 875 2394 cst
887 2369 1022 2403 sanctitas,

237 2414 315 2441 quam
330 2414 389 2433 cum
403 2407 462 2435 loco
476 2415 528 2434 nou
539 2410 736 2438 communicant
751 2417 858 2446 propter
871 2421 962 2441 eorum
978 2415 1023 2450 qui

236 2451 291 2478 illic
314 2453 477 2479 conveniunt
498 2453 687 2488 impuritatem.
714 2456 784 2484 Idem
798 2462 825 2485 et
838 2458 872 2486 de
886 2459 1023 2495 Synagoga

236 2497 399 2524 censendum
416 2503 465 2524 est.
480 2498 589 2526 Etiamsi
611 2502 682 2529 enim
696 2503 795 2530 nullum
809 2504 842 2531 ibi
858 2505 957 2534 Idolum
971 2507 1021 2541 sit,

240 2547 328 2568 tamen
342 2542 476 2570 daemones
490 2544 575 2572 locum
591 2546 716 2574 incolunt.
731 2547 805 2580 Quod
820 2557 871 2576 non
884 2551 918 2578 de
932 2559 962 2579 ea
978 2560 1023 2580 so-

235 2588 289 2614 lum
314 2587 450 2623 Synagoga
475 2589 553 2622 dico,
579 2599 638 2625 qua:
663 2592 706 2620 hic
728 2598 788 2626 cst;
813 2596 858 2622 sed
881 2601 908 2623 et
930 2597 973 2624 illa
996 2599 1022 2626 in

235 2632 358 2667 Daphne,
375 2634 417 2661 ubi
432 2634 584 2662 barathrum
594 2636 721 2669 deterius,
737 2639 806 2674 quod
818 2639 942 2668 Matronm
953 2643 960 2658 ί
973 2651 1019 2670 vo-

265 2700 273 2714 ¹
285 2703 386 2738 Matrona
397 2701 465 2738 cujus
476 2700 554 2738 cultus
566 2702 588 2726 in
608 2703 735 2738 A‘ntiochia:
752 2705 866 2730 subttrbio
877 2707 974 2738 Daphne
986 2709 1024 2735 hic

234 2734 380 2771 memoratur
393 2735 419 2771 et
429 2732 542 2762 carpitur,
551 2733 624 2771 Japud
635 2734 750 2771 quosdam
761 2732 1021 2771 Jttno‘intellikchatnr,

234 2761 382 2796 cuiuscraut
392 2761 488 2786 diversa
500 2763 561 2793 apud
574 2761 651 2796 varias
662 2769 751 2796 gentes
763 2768 858 2792 nomina
870 2775 875 2792 :
888 2761 1023 2796 ni‘ﬁiiiiiiii‘i

234 2791 327 2827 curetis
335 2794 427 2819 lucina,
441 2791 551 2827 Matrona,
564 2795 651 2827 Regina
663 2791 804 2827 Ettmigena
817 2791 1024 2827 wmtmmr'l‘iiihé

235 2819 297 2846 tmte
308 2820 362 2845 loco
373 2828 477 2854 mneo;
490 2824 532 2848 sed
545 2819 589 2849 hac
597 2819 630 2850 ἴιθ
640 2832 668 2850 re
677 2819 784 2857 ptui-ilius
793 2819 882 2854 item];
887 2819 987 2861 alia}:

596 139 623 167 s.
639 135 776 165 JUA‘NNlS
796 127 1031 161 CHRYSOSTOMI
1051 124 1209 155 ARCllIEP.
1229 125 1495 155 CONSTANTINOP.

1793 117 1849 144 852

1065 192 1135 211 cant.
1157 184 1222 211 Nam
1245 185 1342 212 multos
1356 184 1448 211 ﬁdeles
1464 184 1525 211 illuc
1543 183 1690 211 asrcndcre
1705 185 1807 218 audivi,
1824 190 1851 213 et

1062 230 1136 264 juxta
1158 230 1244 256 locum
1263 229 1389 256 dormire.
1412 230 1463 257 Sed
1487 230 1572 262 absit,
1598 230 1657 257 illos
1678 239 1800 265 umquam
1824 238 1851 258 nt

1064 274 1155 301 ﬁdeles
1166 274 1307 308 appellem.
1323 274 1384 300 Mihi
1399 279 1422 302 et
1441 275 1565 301 Matrona:
1575 295 1583 307 ,
1598 280 1625 302 et
1637 276 1765 310 Apollinis
1781 282 1851 304 tem-

1065 321 1148 354 plum,
1163 321 1217 354 pari
1229 320 1331 346 ratione
1343 321 1472 354 impurum
1484 325 1534 348 est.
1546 321 1619 353 Quod
1633 322 1654 348 si
1669 329 1711 349 me
1721 323 1850 357 quispiam

1064 365 1181 393 audacia:
1194 366 1363 398 condemnet,
1378 374 1436 393 eum
1453 374 1504 401 ego
1517 367 1631 394 vicissim
1645 373 1770 395 extrema:
1782 370 1852 396 insa-
1887 374 1893 379 ’

1066 413 1115 438 nia:
1129 412 1321 439 condemnabo.
1337 412 1413 442 Nam,
1428 412 1472 440 dic
1487 413 1560 446 mihi,
1577 414 1619 441 ubi
1633 414 1767 443 drcmoncs
1778 416 1851 442 habi-

1067 462 1141 487 tant.
1162 465 1250 484 nonne
1273 458 1414 491 impietatis
1439 458 1482 485 illc
1504 458 1586 490 locus,
1609 458 1711 486 etiamsi
1732 461 1801 487 nulla
1817 462 1852 488 ibi

1066 507 1151 530 statua
1169 503 1222 530 sit?
1238 503 1285 530 Ubi
1303 503 1400 531 Christi
1424 504 1607 532 interfectores
1627 507 1832 541 congrediuntur
1844 529 1852 540 ,

1068 547 1111 574 ubi
1135 555 1199 574 crttx
1216 548 1388 580 exturbatur,
1414 549 1457 576 ubi
1484 549 1551 576 Deus
1573 549 1784 586 blasphematur,
1810 553 1852 579 ubi

1068 593 1146 620 Pater
1159 594 1295 628 ignoratur
1307 615 1314 625 ,
1331 594 1373 621 ubi
1388 594 1468 622 Filius
1483 596 1651 623 contumeliis
1665 596 1794 630 afﬁcitur,
1810 599 1853 625 ubi

1069 638 1185 673 Spiritus
1199 640 1281 674 gratia
1297 639 1415 674 rcjicitur
1425 650 1430 667 ε
1442 641 1503 675 quin
1514 662 1521 673 ,
1542 649 1600 668 cttm
1620 642 1668 677 ipsi
1682 651 1786 678 quoque
1798 644 1854 671 da:-

1068 692 1160 712 mones
1184 686 1252 718 sint,
1283 693 1373 714 annon
1399 687 1483 721 majus
1506 688 1566 715 hinc
1582 688 1855 718 detrimenttttnilllic

1068 730 1138 758 enim
1153 731 1222 758 nuda
1236 736 1276 759 est
1290 736 1317 759 et
1329 733 1469 767 conspicua
1485 734 1617 768 impietas,
1632 743 1691 770 quae
1707 744 1758 763 non
1778 737 1855 765 facile

1069 780 1157 804 mente
1171 777 1308 811 prtrditum
1328 783 1354 805 et
1373 786 1465 805 sanum
1487 780 1624 814 pellexerit
1646 786 1691 808 attt
1710 782 1853 817 deceperit.

1070 822 1118 851 Hic
1130 831 1204 855 vero,
1219 831 1279 851 cum
1292 831 1321 851 se
1332 825 1443 852 adorare
1456 825 1544 853 dicant
1560 826 1642 854 Deum
1657 833 1682 854 et
1699 828 1766 855 idola
1780 837 1856 856 avcr-

1070 869 1139 902 sari,
1166 870 1307 905 prophetas
1330 870 1428 898 habere
1454 877 1480 899 et
1504 873 1650 907 honorare,
1673 875 1760 903 verbis
1784 876 1857 903 hisce

1072 916 1182 942 multum
1198 923 1265 943 esca:
1289 922 1446 951 prmparant,
1469 922 1496 945 et
1517 919 1689 954 simpliciores
1711 925 1788 956 atque
1807 922 1858 948 im.

1071 961 1215 996 prudentes
1230 961 1347 988 incautos
1362 962 1493 990 irretiuut.
1515 964 1601 996 Quare
1623 965 1743 1000 impietas
1757 972 1798 993 est
1809 975 1857 994 ea-

1071 1007 1130 1034 dem
1140 1011 1166 1033 «τι
1178 1007 1239 1041 ipsis
1250 1008 1382 1035 etGra‘cis
1392 1017 1398 1035 :
1408 1010 1550 1043 impostura
1562 1016 1649 1038 autem
1663 1016 1770 1039 utuntur
1780 1012 1858 1047 longe

1072 1052 1271 1087 perniciosiore.
1295 1054 1358 1081 Nam
1380 1062 1453 1082 aram
1470 1056 1569 1084 fraudis
1590 1057 1687 1084 habent
1706 1067 1758 1085 non
1778 1067 1858 1094 aspc-

1072 1099 1195 1125 ctabilcm
1219 1099 1266 1134 ipsi
1290 1107 1394 1135 quoque
1406 1121 1413 1132 ,
1433 1102 1476 1128 ubi
1499 1109 1550 1128 non
1564 1110 1626 1130 oves
1641 1108 1668 1132 et
1679 1104 1790 1137 vitulos,
1808 1105 1858 1133 sed

1074 1144 1177 1171 animas
1199 1145 1333 1172 hominum
1355 1151 1481 1174 mactant.
1509 1147 1624 1182 Denique
1647 1149 1668 1176 si
1689 1149 1796 1177 Judaica
1811 1151 1858 1178 tibi

1073 1189 1273 1227 admirationem
1285 1196 1400 1222 movent,
1414 1200 1472 1226 qua:
1486 1193 1532 1220 tibi
1546 1194 1613 1221 ratio
1629 1195 1765 1222 nobiscum
1780 1204 1857 1223 cont-

1075 1234 1185 1262 muuis?
1198 1233 1265 1260 Nam
1277 1233 1301 1262 si
1324 1235 1366 1264 illa
1384 1236 1534 1265 Judmorum
1548 1239 1697 1266 veneranda
1712 1246 1739 1268 et
1761 1249 1856 1276 magna

1074 1285 1144 1313 sunt,
1161 1286 1250 1308 nostra
1265 1288 1342 1309 erunt
1356 1282 1430 1316 falsa,
1447 1282 1487 1311 sin
1505 1283 1560 1312 lucc
1578 1292 1649 1317 vera,
1664 1285 1749 1321 qualia
1766 1287 1858 1324 utique

1076 1332 1137 1353 sunt
1149 1346 1156 1358 ,
1181 1327 1224 1353 illa
1239 1332 1317 1355 erunt
1333 1328 1431 1356 fraudis
1445 1330 1531 1363 plena.
1551 1330 1608 1357 Non
1623 1335 1709 1361 divina
1723 1335 1783 1363 dico
1797 1344 1859 1363 orn-

1074 1371 1146 1403 Cula;
1168 1372 1254 1404 absit,
1277 1372 1333 1400 haec
1346 1374 1416 1400 cniut
1431 1382 1473 1402 tne
1486 1375 1518 1405 ad
1532 1375 1665 1406 Christum
1685 1381 1759 1415 quasi
1781 1389 1860 1408 manu

1074 1416 1208 1444 duxerunt
1224 1427 1231 1445 :
1247 1418 1293 1446 sed
1319 1420 1479 1454 impietatem
1505 1423 1609 1451 illorum
1627 1430 1652 1452 et
1669 1425 1796 1453 insaniam
1811 1427 1859 1453 ho-

1075 1462 1204 1490 dicrnatn.
1227 1465 1261 1491 At
1280 1465 1350 1492 cnim
1374 1471 1476 1500 temptas
1501 1471 1627 1504 requirit,
1654 1476 1682 1498 ut
1703 1471 1859 1505 ostendam,

1074 1508 1208 1536 daemones
1229 1510 1309 1537 etiam
1330 1510 1364 1538 ibi
1387 1511 1521 1547 habitare,
1538 1523 1623 1549 neque
1645 1516 1671 1543 in
1692 1516 1736 1544 illo
1759 1522 1861 1545 tantum

1074 1553 1151 1587 loco,
1174 1554 1221 1581 scd
1242 1558 1270 1582 et
1287 1556 1312 1582 in
1335 1556 1398 1591 ipsis
1418 1557 1569 1586 Judaeorum
1584 1561 1689 1588 animis.
1712 1562 1781 1589 Nam
1803 1572 1862 1590 cum

1075 1600 1221 1626 immundus
1234 1601 1346 1636 spiritus,
1361 1602 1446 1638 inquit
1455 1605 1575 1633 Christus
1584 1626 1591 1638 ,
1606 1608 1694 1633 exierit
1706 1607 1736 1634 ab
1751 1609 1861 1643 ltonn'ne,

1076 1645 1187 1671 ambulat
1201 1654 1245 1680 per
1257 1646 1330 1673 arida
1347 1646 1417 1680 loca,
1438 1658 1550 1683 quwrcns
1564 1652 1691 1685 requiem,
1706 1658 1730 1680 et
1742 1662 1798 1679 cum
1812 1663 1862 1681 non

1074 1689 1179 1719 invenit:
1201 1696 1319 1725 revertar,
1339 1692 1436 1728 inquit,
1459 1695 1485 1721 in
1505 1695 1608 1723 domum
1632 1706 1721 1724 nteant.
1748 1698 1781 1725 Et
1805 1708 1863 1726 cum

1075 1736 1150 1768 venit,
1166 1738 1257 1763 invenit
1271 1745 1325 1764 eam
1336 1744 1475 1773 vacantem,
1489 1742 1571 1776 scapis
1584 1743 1738 1775 mandatam,
1753 1749 1776 1771 et
1786 1753 1863 1771 onm-

1076 1784 1137 1806 tam.
1149 1780 1220 1807 Tum:
1231 1782 1308 1815 vadit,
1318 1788 1342 1809 et
1354 1785 1458 1810 assumit
1471 1790 1562 1820 septem
1577 1787 1640 1813 alios
1653 1788 1755 1822 spiritus
1766 1797 1862 1822 secum,

1075 1826 1203 1860 nequiores
1217 1835 1253 1860 se,
1269 1834 1293 1854 et
1306 1829 1455 1863 ingreditur,
1472 1835 1496 1857 et
1510 1838 1582 1858 erunt
1598 1834 1731 1860 novissima
1754 1834 1862 1862 hominis

1074 1871 1144 1898 illius
1170 1873 1257 1907 pejora
1283 1875 1416 1909 prioribus.
1445 1876 1490 1903 Sic
1515 1878 1560 1904 erit
1580 1883 1603 1905 et
1625 1880 1778 1914 generationi
1805 1882 1863 1908 huic

1078 1915 1182 1951 (Matt/1.
1199 1917 1242 1950 12,
1256 1919 1354 1951 45-45;
1370 1920 1432 1947 Luc.
1448 1922 1490 1949 Η.
1505 1920 1620 1954 24—26),

1109 1962 1206 1990 Animce
1218 1963 1365 1992 Judworum
1376 1967 1517 1994 dwmonum
1530 1969 1683 1997 habitacula.
1694 1986 1729 1991 —
1739 1971 1820 1999 Vides
1835 1972 1862 2000 in

1075 2008 1191 2043 ipsorum
1207 2011 1300 2038 animis
1312 2019 1380 2040 nunc
1391 2012 1508 2041 habitare
1520 2015 1655 2043 drcmones
1670 2017 1800 2051 prioribus
1812 2019 1863 2045 de-

1076 2055 1205 2082 teriores?
1219 2064 1304 2091 neque
1324 2057 1350 2084 id
1372 2058 1477 2092 injuria.
1493 2059 1568 2088 Tunc
1581 2061 1651 2088 enim
1673 2063 1698 2089 in
1720 2064 1863 2098 prophetas

1077 2101 1236 2134 peccabant,
1253 2110 1322 2130 nunc
1337 2103 1421 2138 ipsum
1437 2105 1623 2140 prophetarum
1645 2108 1780 2136 dominum
1795 2117 1863 2137 con-

1076 2147 1182 2173 tumelia
1201 2147 1382 2183 insequuntur.
1404 2150 1468 2177 Cum
1489 2151 1640 2179 hominibus
1662 2153 1749 2187 igitur,
1771 2154 1862 2187 dicite,

1076 2190 1256 2225 dremoniacis,
1272 2193 1367 2228 quibus
1378 2199 1416 2222 tot
1430 2200 1490 2222 sunt
1505 2196 1599 2231 impuri
1614 2197 1731 2232 spiritus,
1746 2199 1772 2226 in
1785 2199 1863 2234 jugu-

1076 2236 1154 2264 lamlo
1176 2242 1203 2265 ct
1220 2239 1365 2267 occidendo
1386 2242 1507 2268 entttritis
1521 2247 1600 2277 atque
1618 2243 1751 2277 educatis,
1767 2245 1862 2273 eodem

1076 2281 1134 2309 loco
1147 2285 1352 2318 congregamini,
1368 2293 1454 2320 neque
1468 2286 1638 2315 horrescitis?
1651 2288 1717 2316 Num
1731 2289 1802 2316 enim
1817 2297 1863 2317 sa-

1077 2327 1210 2356 lutationis
1221 2330 1314 2357 horum
1326 2330 1464 2366 participes
1475 2340 1545 2366 esse,
1557 2338 1583 2361 et
1593 2334 1748 2369 simpliciter
1760 2342 1864 2363 sermo-

1076 2381 1136 2400 nem
1150 2374 1270 2402 conferre
1282 2381 1394 2410 oportet,
1408 2384 1439 2405 ac
1452 2386 1504 2406 non
1525 2380 1612 2414 potius
1629 2387 1675 2407 eos
1695 2385 1723 2408 ut
1742 2388 1863 2409 commu-

1077 2426 1137 2446 nem
1161 2420 1230 2446 luem
1253 2425 1280 2448 et
1303 2422 1424 2449 morbum
1449 2423 1529 2451 totius
1554 2424 1626 2452 orbis
1648 2425 1783 2454 aversari?
1805 2426 1865 2460 Quo

1077 2465 1184 2493 sceleris
1204 2474 1302 2501 genere
1323 2475 1375 2495 non
1397 2474 1459 2496 sunt
1479 2470 1612 2498 defuncti?
1631 2471 1723 2500 Nonne
1744 2473 1864 2500 omnium

1077 2511 1264 2546 prophetarum
1278 2514 1419 2542 conciones
1433 2515 1531 2543 crebra:
1541 2522 1567 2544 et
1576 2515 1687 2551 prolixa:
1701 2518 1725 2545 in
1740 2518 1772 2545 iis
1783 2526 1865 2546 accu-

1077 2557 1166 2584 sandis
1180 2563 1342 2593 consumpta:
1353 2560 1430 2588 sunt?
1442 2561 1525 2594 Quam
1541 2563 1708 2597 tragoediam,
1724 2559 1794 2598 quod
1813 2565 1865 2592 ini-

1076 2603 1183 2636 quitatis
1205 2605 1354 2638 exemplum
1378 2606 1433 2633 suis
1457 2607 1494 2634 illi
1516 2607 1622 2636 nefariis
1643 2608 1792 2637 homicidiis
1810 2618 1864 2637 non

1076 2649 1270 2675 obscurarunt?
1293 2649 1464 2678 lmmolarunt
1491 2652 1557 2680 filios
1579 2658 1606 2680 et
1632 2654 1700 2681 ﬁlias
1723 2654 1864 2683 daemoniis

1078 2692 1161 2727 (Psal.
1179 2694 1238 2721 105.
1254 2694 1309 2729 57),
1331 2700 1450 2723 naturam
1471 2703 1610 2730 exuerunt,
1633 2698 1753 2726 dolorum
1771 2705 1864 2734 partus

1077 2738 1150 2764 obliti
1175 2744 1252 2772 sunt,
1280 2740 1462 2768 educationem
1487 2742 1630 2771 liberorum
1654 2745 1863 2779 proculcarunt,

1077 2783 1147 2817 leges
1155 2785 1387 2819 consanguinitatis
1395 2786 1511 2814 funditus
1521 2792 1682 2821 everterunt,
1692 2789 1864 2817 immemores

1079 2829 1150 2856 Omni
1166 2829 1249 2856 bestia
1264 2830 1323 2858 facti
1337 2836 1407 2858 sunt.
1423 2831 1487 2859 Nam
1501 2832 1591 2861 bestia:
1606 2841 1791 2869 smpcnumcro
1804 2834 1864 2862 aui-
