2043 3116
208 158 266 187 853
854 153 1031 182 ADVERSUS
1049 153 1198 183 JUD/EOS.
1217 156 1238 183 Ι,
1795 161 1848 188 3;;

205 226 280 247 mam
295 215 379 244 etiam
401 211 516 245 dedunt,
533 210 680 246 posthabita
699 210 739 238 sui
753 210 968 243 conservatione,
984 215 1013 237 ut

205 265 279 292 [etus
304 258 458 289 defendant
481 266 487 284 :
512 261 538 285 at
560 256 598 290 hi,
622 256 692 284 nulla
715 259 824 292 urgente
844 256 1011 289 necessitate,

206 313 290 336 natos
310 314 348 334 ex
365 311 429 332 sese
452 310 533 330 manu
549 310 595 329 sua
610 306 767 335 mactarunt,
788 306 817 329 ut
838 302 897 329 vita:
916 307 1013 329 "05le

207 355 314 384 hostes,
332 350 451 378 infestos
467 348 611 379 daemones,
629 348 757 375 colerent.
770 347 828 381 Quo
841 355 930 374 eorum
944 347 1012 374 l'aclo

207 400 270 434 plus
298 396 409 424 atl0niti
438 394 599 421 reddamur?
625 394 774 428 impietate,
802 402 834 420 an
858 393 1012 421 crudelitate

204 449 291 479 atque
303 440 522 470 inhumanitate?
535 440 604 474 quod
621 440 687 467 ﬁlios
702 440 872 472 immolarint,
885 445 929 466 aut
943 440 1012 475 quod

205 489 355 518 dzcrrtoniis
384 487 448 514 illos
472 486 664 513 sacriﬁcarint?
683 486 734 513 Sed
758 494 845 512 annon
872 485 1011 512 immodica

206 534 320 563 lascivia
349 538 377 560 et
407 532 553 567 petulantia
584 531 719 558 libidinem
743 539 848 566 quoque
874 531 1011 557 brutorum

206 580 360 607 maximam
386 577 581 604 obscurarum?
603 577 672 603 Audi
694 577 868 611 prophetam,
891 577 953 611 quid
978 577 1011 604 do

206 626 333 660 ipsorum
351 623 529 650 immoderata
541 623 611 650 dicat
623 623 824 657 intemperantia
838 632 844 649 :
857 623 923 657 Equi
938 624 1011 650 emis-

205 671 270 698 sarii
291 670 357 704 facti
377 674 450 702 sunt,
471 669 637 702 unusquisque
658 669 692 694 ad
714 677 816 695 uxorem
838 670 946 703 proximi
970 670 1010 695 sui

206 716 343 742 Iu'nniebat
365 715 475 750 (Jerem.
493 715 519 741 5.
536 715 573 749 8).
593 714 648 741 Non
672 714 749 747 dixit,
771 714 882 748 proximi
901 723 1008 742 uxorem

205 762 325 796 quisque
348 760 564 794 concupiscebat,
587 759 632 786 sed
654 760 851 787 evidentissime
873 760 1008 787 brutorum

205 807 408 834 vociferatione
425 806 539 833 libidinis
555 806 673 840 ipsorum
689 805 816 832 insaniam
831 806 971 840 expressit.

244 853 271 879 7.
288 853 359 886 Quid
372 852 445 879 aliud
460 852 546 879 dicam
562 851 654 878 vobis?
667 852 782 887 rapinas,
796 853 929 885 avaritias,
943 860 1008 887 pau—

206 905 306 931 perum
324 897 502 931 proditiones,
519 896 597 927 furta,
610 901 679 923 artes
694 897 886 931 cauponarias?
899 897 940 924 Ad
952 897 1008 925 hinc

205 943 345 970 narranda
368 951 403 970 nc
416 943 472 970 dies
488 943 592 977 quidem
606 943 706 977 integer
720 942 863 969 suli'ecerit.
875 943 907 970 At
922 942 1005 975 ierim,

206 988 311 1022 inquis,
336 988 444 1014 illorum
468 988 564 1022 aliquid
588 996 668 1022 grave
692 992 719 1014 et
740 996 861 1022 magnum
885 988 1005 1016 habent:

204 1034 281 1068 atqui
311 1038 339 1060 et
365 1033 414 1060 has
437 1034 506 1068 ipsas
526 1033 642 1068 impnras
664 1038 914 1060 commonstrarunt.
937 1034 1006 1061 Audi

206 1079 377 1113 prophetas;
392 1079 455 1113 quin
471 1079 552 1105 Deum
573 1078 643 1112 audi,
661 1086 738 1113 quam
759 1078 930 1106 vehementer
948 1079 1006 1108 illas

204 1122 383 1152 abominetur
396 1135 401 1151 :
417 1125 475 1158 011i,
491 1125 584 1159 projeci
598 1125 674 1159 ferias
688 1131 780 1152 vestras
794 1125 880 1159 (Amos
904 1127 929 1154 5.
946 1126 1004 1162 21).

208 1169 282 1195 Deus
296 1169 364 1201 odit,
380 1175 406 1196 et
427 1175 453 1196 tu
469 1169 620 1204 participas.
636 1169 725 1204 Neque
740 1170 806 1197 dixit
825 1170 872 1199 has
888 1171 928 1198 vel
947 1171 1006 1199 illas

206 1213 300 1245 ferias,
322 1214 370 1241 sed
393 1215 417 1241 in
442 1215 592 1242 universum
611 1222 714 1242 omnes.
738 1215 816 1243 Visne
833 1223 1003 1251 cognoscere,

205 1259 281 1293 quod
297 1259 370 1287 Deus
387 1260 461 1287 illum
474 1260 553 1287 etiam
573 1260 672 1287 cultum
686 1260 781 1294 oderit,
796 1261 838 1295 qui
860 1260 887 1288 ﬁt
902 1266 1004 1297 tympa-

207 1306 260 1338 nis,
278 1305 400 1335 citbara.
418 1306 549 1340 psalteriis
569 1309 595 1332 et
615 1306 673 1332 aliis
688 1306 812 1340 organis?
828 1306 906 1341 Aufer
920 1315 936 1332 a
955 1315 1002 1340 me,

207 1350 307 1384 inquit,
324 1351 435 1377 sonitum
448 1352 602 1377 canticorum
615 1355 724 1382 tuorum,
738 1356 759 1377 et
773 1351 896 1386 psalmum
907 1352 1003 1378 instru~

207 1400 354 1421 mentorum
378 1401 477 1422 tuorum
500 1404 549 1422 non
569 1396 671 1422 audiam
688 1395 767 1431 (Ibid.
783 1404 808 1423 ιι.
822 1396 879 1432 25).
899 1396 976 1432 Aufer
989 1406 1006 1423 α

206 1447 256 1471 me,
274 1440 361 1474 inquit
374 1441 441 1467 Deus
457 1449 463 1467 :
480 1445 505 1467 tn
521 1441 657 1468 auditurus
670 1441 746 1468 tubas
761 1442 868 1469 curris?
880 1442 931 1469 Sed
948 1443 1004 1470 hmc

206 1485 340 1512 sacriﬁcia
356 1491 383 1513 et
398 1486 437 1513 hic
449 1487 594 1513 oblationes
613 1495 700 1514 nonne
721 1494 782 1514 sunt
798 1488 1005 1515 abominabiles?

207 1530 238 1556 Si
253 1530 372 1563 a/fcratis
383 1532 443 1558 nti/ti
456 1532 632 1566 similaginem,
648 1535 758 1567 frustra;
772 1534 900 1560 incensum
910 1535 1004 1560 abanti-

208 1576 278 1602 natio
289 1581 325 1603 est
337 1577 400 1602 milii
413 1577 514 1612 (Ilesai.
530 1579 554 1604 ί.
570 1577 624 1613 15).
641 1578 778 1605 lnccnsum
790 1579 965 1611 abominatio;
977 1584 1004 1607 ct

208 1623 283 1649 locus
301 1631 354 1650 non
368 1623 580 1650 abominandus?
594 1624 624 1650 Et
640 1623 744 1658 quando
757 1625 938 1651 abominatio?
950 1626 1004 1651 An-

209 1673 317 1701 tequam
334 1676 467 1696 summum
482 1669 568 1696 scelus
581 1669 752 1699 admiserant,
771 1674 911 1704 antequam
927 1678 1002 1696 suntn

209 1713 329 1746 ipsorum
356 1714 495 1740 Dominum
522 1715 693 1746 sustulerant,
719 1720 779 1741 ante
802 1722 917 1748 crucem,
941 1721 1002 1743 ante

209 1758 308 1785 Christi
322 1767 426 1792 necem,
438 1760 606 1786 abominatio.
621 1761 713 1787 Annon
726 1760 808 1786 multo
820 1761 902 1795 magis
916 1761 1003 1787 nttnc?

210 1804 242 1830 l-it
256 1813 322 1832 sane
335 1806 397 1840 quid
409 1811 450 1833 est
464 1805 621 1834 sufﬁmentis
633 1806 810 1840 ﬁ'agrantins?
824 1806 919 1833 Verum
935 1808 1003 1834 Deus

211 1858 264 1877 non
286 1853 479 1879 sacriﬁciorum
496 1857 628 1883 naturam,
646 1852 691 1879 sed
714 1853 830 1879 animum
852 1861 942 1879 corum
959 1854 1002 1887 qui

209 1895 329 1922 oil‘erunt
343 1897 476 1928 observat,
493 1896 595 1931 hocque
612 1896 758 1923 oblationes
775 1897 891 1923 tnctitur.
907 1898 1002 1924 Atten—

211 1941 250 1967 dit
267 1942 301 1968 ad
314 1943 381 1970 Abel
394 1947 421 1969 et
435 1942 467 1969 ad
483 1950 590 1969 munera
604 1942 661 1976 ejus
678 1951 683 1968 :
700 1942 763 1969 vidit
775 1941 883 1969 Cainnm
895 1964 901 1976 ,
917 1947 944 1970 et
958 1950 1003 1970 sa—

207 1987 309 2014 criﬁcia
328 1989 385 2023 ejus
401 1994 455 2016 tum
470 1994 605 2015 aversatus
619 1994 666 2015 est.
684 1988 748 2015 Nam
763 1989 797 2014 (ιιι
813 1988 889 2020 Cain,
908 1990 1001 2024 inquit,

204 2036 229 2057 et
242 2033 278 2058 ad
287 2033 445 2060 oblationem
456 2034 509 2069 ejus
523 2042 571 2060 non
583 2034 688 2059 attendit
705 2033 779 2067 (Gen.
796 2034 821 2060 Δ.
839 2034 877 2068 5).
891 2033 946 2060 Noe
959 2042 1003 2061 sa-

205 2077 309 2104 criﬁcia
327 2080 425 2111 ovium,
437 2079 589 2109 vitulorum,
602 2083 627 2105 et
640 2079 726 2104 avium
742 2078 794 2105 Deo
806 2077 918 2105 obtulit:
935 2079 1003 2105 Odo-

207 2129 335 2159 ntusque
349 2131 384 2152 est
405 2125 527 2152 Dominus
540 2125 643 2151 adorent
656 2125 795 2157 suavitatis,
816 2125 899 2159 inquit
912 2125 1002 2161 Scrip-

211 2175 269 2196 tura
284 2169 343 2206 (Id.
358 2171 383 2197 8.
405 2169 460 2205 21),
475 2170 500 2196 id
521 2175 571 2202 cst,
583 2169 670 2196 oblata
684 2170 812 2203 probavit.
829 2169 919 2204 Neque
932 2171 1003 2197 enim

213 2215 268 2241 Deo
284 2223 364 2243 nares
379 2220 449 2248 sunt,
467 2215 511 2242 sed
527 2223 622 2241 nomen
638 2219 678 2241 est
694 2215 888 2248 incorporeum.
904 2215 1004 2248 Quam-

212 2269 292 2296 quam
309 2270 349 2292 ea.
364 2270 422 2297 qua:
437 2269 468 2289 ex
484 2262 557 2288 altari
574 2269 677 2288 sursum
692 2260 820 2290 feruntur.
834 2261 909 2287 nidor
924 2266 950 2287 et
964 2261 1004 2287 l'u-

214 2315 273 2333 mus
289 2312 352 2335 sunt
370 2307 566 2334 combustornm
582 2314 720 2341 corporum
736 2314 742 2331 :
757 2315 809 2340 quo
825 2305 919 2333 foetore
939 2306 1002 2333 nihil

215 2353 311 2379 tetrins
324 2358 374 2379 est.
392 2353 487 2380 Verum
503 2357 531 2378 ut
545 2352 639 2383 discas,
656 2352 736 2378 Deum
750 2352 861 2385 probare
874 2351 1002 2378 sacriﬁcia

216 2403 242 2424 et
253 2400 382 2431 aversari,
397 2407 443 2433 pro
457 2399 550 2425 alTectu
567 2397 710 2428 offerentis,
729 2397 846 2423 nidorem
861 2402 886 2423 et
903 2396 1002 2423 fumum

216 2445 326 2471 odorem
342 2451 417 2472 vocat
431 2445 576 2476 suavitatis,
594 2444 741 2475 incensum,
758 2443 979 2470 abominationem
996 2452 1002 2470 ε

217 2490 278 2523 quia
293 2490 375 2517 multo
390 2490 483 2517 foetore
497 2497 571 2516 mens
585 2489 751 2516 oiTerentium
771 2490 870 2523 repleta
886 2489 941 2515 fuit.
958 2488 997 2516 Li-

218 2534 298 2562 betne
313 2542 481 2569 cognoscere,
498 2535 568 2569 quod
589 2535 714 2569 templum
728 2534 808 2562 etiam
828 2542 887 2560 cum
901 2533 1001 2562 sacriﬁ‘

217 2581 276 2614 ciis,
288 2582 403 2616 crganis,
413 2582 493 2614 feriis,
503 2587 530 2610 et
539 2582 652 2609 incensis
660 2586 796 2608 aversetur
808 2581 886 2612 Deus,
896 2584 1004 2616 propter

221 2635 265 2654 eos
280 2628 322 2662 qui
340 2627 401 2654 illuc
416 2628 616 2661 ingrediuntur?
630 2627 656 2653 Id
672 2627 726 2661 ipsa
741 2635 769 2653 re
784 2626 899 2653 maxime
913 2631 1003 2653 osten-

218 2673 268 2707 dit,
282 2674 343 2700 olim
359 2673 530 2700 barbarorum
544 2673 663 2700 manibus
680 2672 742 2698 illud
757 2671 896 2704 tradendo,
913 2676 1003 2706 postea

221 2727 330 2753 prorsus
344 2719 468 2745 dolendo.
484 2718 670 2745 Verumtamen
685 2722 746 2744 ante
759 2717 924 2744 eversionem
938 2724 1005 2751 quo-

218 2772 270 2798 quc
286 2765 355 2791 illius
369 2772 414 2798 per
430 2764 583 2799 prophetam
599 2764 704 2795 clamat,
719 2763 844 2797 dicitque.
864 2761 905 2788 Ne
923 2762 1004 2795 con/i-

218 2810 283 2836 rtatis
298 2810 322 2836 in
342 2809 420 2835 verbis
436 2809 557 2835 mendatii
567 2829 574 2840 ,
589 2809 647 2843 quia
664 2817 713 2834 non
732 2808 867 2842 proderunt
881 2808 948 2834 vobis
963 2808 1004 2834 di-

217 2856 328 2882 rrntibus
340 2863 347 2881 :
358 2855 474 2890 templum
488 2854 598 2887 Domini,
611 2853 730 2889 templum
741 2853 843 2880 Domini
854 2858 887 2881 cst
896 2853 1000 2889 (larem.

1069 205 1146 246 7.1).
1162 210 1220 238 Non
1242 212 1378 247 templum,
1393 212 1487 247 Inquit,
1506 217 1612 241 sanctos
1631 219 1678 242 eos
1696 215 1792 249 reddit,
1807 217 1851 252 qui

1066 256 1271 291 congrediuntur
1288 266 1294 284 :
1312 257 1357 285 sed
1369 257 1394 284 hi
1409 258 1471 285 illud
1486 263 1606 287 sanctum
1621 259 1728 288 iaciunt.
1740 260 1816 296 Quod
1828 264 1850 290 si

1067 307 1120 329 tum
1134 302 1170 329 nil
1185 302 1310 337 proderat
1325 303 1461 338 templum,
1479 305 1653 338 praesentibus
1667 305 1810 334 Ch‘erubim
1826 313 1852 335 rt

1065 354 1124 373 arca
1142 355 1148 372 :
1163 347 1245 374 multo
1261 349 1348 376 minus
1366 350 1419 383 jam
1430 370 1437 382 ,
1453 350 1574 377 omnibus
1589 350 1621 378 iis
1636 351 1746 379 sublatis
1756 373 1763 385 ,
1781 359 1851 387 post-

1065 399 1141 425 quam
1165 392 1233 420 Deus
1255 393 1314 421 illos
1335 401 1444 428 prorsus
1468 401 1615 428 aversatur,
1637 400 1664 423 et
1684 398 1791 432 gravior
1810 404 1852 424 est

1065 437 1142 471 hujus
1155 438 1207 465 odii
1220 446 1308 466 causa.
1320 440 1430 472 Quantre
1441 440 1519 475 igitur
1531 442 1654 469 amentiae
1667 442 1755 475 fuerit,
1766 451 1850 479 quan-

1066 487 1150 517 taeque
1166 484 1332 519 insipientize,
1348 490 1452 513 notatos
1467 487 1620 521 ignominia,
1635 495 1650 514 ει
1663 488 1718 516 Deo
1732 490 1850 524 proditos

1064 537 1119 561 eos,
1136 530 1180 565 qui
1197 530 1336 557 Dominum
1353 532 1378 559 in
1395 532 1460 559 iram
1473 532 1641 566 coneitarint,
1656 535 1743 562 socios
1756 535 1805 563 sibi
1821 536 1848 562 iu

1064 574 1135 602 feriis
1153 575 1302 604 asciscere?
1321 576 1347 603 Si
1364 580 1438 604 tuum
1453 578 1512 612 quis
1532 578 1674 606 occidisset
1693 579 1790 613 ﬁlium,
1806 581 1851 608 dic

1063 620 1126 646 mihi
1136 641 1144 653 ,
1160 620 1252 655 ejusne
1264 627 1433 656 conspectum
1449 623 1611 650 sustineres?
1623 624 1772 661 Apdiresne
1784 626 1848 653 allo-

1062 667 1204 698 quentem?
1218 666 1309 694 Nonne
1324 672 1351 693 ut
1368 667 1516 702 improbum
1536 669 1683 696 dasmonem
1693 691 1699 702 ,
1716 675 1742 697 ut
1763 671 1847 705 ipsum

1061 710 1195 738 diabolum
1215 711 1338 746 fugeres?
1358 712 1461 739 Domini
1478 714 1513 740 tui
1537 714 1618 741 ﬁlium
1634 715 1806 749 occiderunt,
1822 722 1849 743 et

1061 756 1086 783 in
1102 757 1224 784 eumdem
1244 765 1303 785 cum
1319 758 1369 786 illis
1388 759 1489 794 ingredi
1509 760 1594 787 locum
1615 761 1716 789 audes?
1730 762 1848 798 Cumque

1060 802 1162 828 occisus
1175 802 1280 836 abillis,
1296 807 1397 831 tantum
1412 810 1437 831 te
1447 804 1593 837 honorarit,
1605 810 1633 833 ut
1646 806 1752 834 fratrem
1765 812 1793 835 et
1803 815 1848 834 co-

1061 846 1185 875 heredem
1206 849 1373 876 constituerit
1391 858 1398 877 :
1417 853 1486 876 tanta
1511 855 1536 877 tu
1559 851 1681 878 eumdem
1703 852 1846 886 ignominia

1060 893 1153 927 al'ﬁeis,
1169 899 1197 921 ut
1215 895 1273 929 ejus
1289 895 1492 928 interfectores,
1507 897 1550 931 qui
1564 897 1634 923 cruci
1654 897 1739 932 ipsum
1752 899 1846 926 afﬁxo—

1060 943 1130 972 runt,
1143 941 1330 968 communione
1345 940 1469 968 feriarum
1485 942 1599 976 ipsarum
1620 942 1691 970 colas
1704 947 1783 978 atque
1797 945 1846 970 nh-

1059 991 1159 1018 serves,
1173 986 1241 1013 etad
1253 985 1360 1020 profana
1373 986 1479 1013 iltornm
1495 987 1551 1014 loca
1566 995 1667 1018 curras,
1685 988 1786 1022 impttra
1802 997 1846 1016 ve-

1059 1030 1153 1057 stibula
1167 1031 1258 1063 intres,
1274 1039 1424 1067 mensmque
1437 1032 1627 1060 daemoniorum
1643 1034 1773 1069 particeps
1787 1033 1846 1062 ﬁas.

1059 1075 1096 1101 lta
1110 1076 1181 1102 enim
1199 1075 1351 1103 Judtcorum
1368 1077 1498 1112 jejunium
1521 1083 1548 1104 ut
1566 1077 1713 1113 appellem,
1729 1079 1847 1107 adducor

1058 1131 1133 1155 nece,
1147 1132 1226 1158 qttam
1241 1124 1295 1151 Dco
1309 1124 1462 1151 intulerunt.
1474 1125 1531 1157 Quo
1542 1125 1611 1152 enim
1624 1131 1700 1160 pacto
1711 1126 1846 1154 diemonrs

1059 1176 1110 1195 non
1124 1168 1245 1195 dicantur
1255 1169 1344 1196 colere
1358 1169 1386 1201 ii,
1403 1169 1446 1204 qui
1462 1169 1516 1197 Deo
1530 1169 1638 1197 adversa
1655 1171 1802 1205 peragunt?
1813 1170 1847 1199 At

1058 1213 1215 1240 medicinam
1235 1221 1249 1240 a
1273 1213 1438 1241 dmmonibus
1460 1215 1578 1249 expetis?
1603 1214 1668 1242 Cum
1694 1216 1796 1243 abirent
1820 1217 1845 1244 in

1059 1267 1163 1293 porcos,
1189 1259 1284 1286 Christi
1310 1260 1450 1294 permissu,
1474 1260 1619 1294 daemones,
1647 1266 1700 1288 tum
1723 1262 1749 1289 in
1773 1271 1845 1290 mare

1058 1305 1116 1331 illos
1138 1306 1226 1332 statim
1248 1306 1446 1340 prmcipitarunt
1462 1315 1468 1332 :
1485 1311 1512 1333 et
1534 1306 1670 1334 hominum
1691 1309 1845 1343 corporibus

1058 1356 1164 1386 parcent
1180 1350 1283 1386 (Matt/1.
1300 1352 1326 1378 8.
1341 1352 1384 1378 5|.
1400 1351 1485 1387 sqq.)?
1498 1351 1584 1386 Atque
1596 1352 1693 1379 utinam
1708 1361 1758 1380 non
1773 1354 1845 1382 occi-

1056 1396 1158 1428 dcrent,
1173 1397 1272 1423 utinam
1288 1405 1340 1423 non
1354 1397 1553 1424 insidiareulur!
1570 1398 1711 1432 Ejecerunt
1723 1406 1754 1426 ex
1768 1407 1845 1434 para-

1057 1440 1124 1473 diso,
1137 1436 1246 1468 ‘honorc
1268 1441 1365 1469 caelesti
1388 1442 1531 1476 orbarunt,
1547 1447 1574 1470 ct
1586 1451 1682 1478 corpus
1696 1445 1845 1472 curabunt?

1058 1486 1176 1514 Ridicnla
1195 1487 1267 1520 lucc,
1284 1490 1311 1514 et
1325 1487 1430 1515 fabulae.
1449 1488 1587 1515 Daemones
1607 1489 1725 1517 insidiari
1740 1491 1844 1521 sciunt.

1057 1539 1088 1558 ac
1102 1539 1207 1564 nocere,
1223 1540 1274 1559 non
1288 1533 1387 1560 mederi
1402 1542 1408 1560 :
1423 1533 1518 1560 animae
1535 1542 1586 1561 non
1602 1540 1728 1569 parcunt,
1745 1540 1772 1563 et
1784 1539 1844 1563 cor~

1056 1577 1165 1611 poribus
1180 1578 1306 1612 parcent?
1322 1578 1342 1605 E
1355 1586 1436 1613 regno
1454 1578 1551 1613 ejicere
1566 1585 1696 1607 conantur
1710 1589 1716 1608 :
1732 1586 1759 1608 et
1772 1589 1844 1608 mor~

1056 1622 1095 1649 bis
1107 1622 1194 1650 levare
1207 1630 1255 1650 nos
1270 1624 1395 1658 cupient?
1408 1624 1465 1652 Non
1481 1624 1558 1651 audis
1572 1626 1728 1661 prophetam
1742 1627 1843 1661 dicere,

1056 1673 1134 1703 atque
1149 1668 1233 1702 ipsum
1251 1669 1337 1703 potius
1350 1669 1430 1696 Deum
1444 1677 1492 1704 per
1504 1670 1670 1705 prophetam,
1686 1672 1745 1699 illos
1760 1680 1845 1708 neque

1056 1713 1122 1740 bene
1145 1720 1230 1749 neque
1250 1714 1318 1741 male
1334 1722 1411 1749 posse
1434 1715 1541 1743 facere?
1554 1716 1640 1751 Atque
1661 1717 1722 1744 licet
1744 1718 1844 1746 mederi

1055 1759 1136 1785 velint
1150 1766 1181 1785 ac
1195 1759 1309 1794 possint,
1325 1760 1394 1795 quod
1409 1759 1465 1787 ﬁeri
1479 1761 1571 1796 nequit
1585 1770 1591 1788 :
1609 1762 1643 1789 ob
1655 1762 1778 1790 lucellum
1793 1764 1845 1792 exi-

1055 1803 1097 1837 gui
1122 1804 1247 1838 temporis
1268 1805 1414 1839 periculum
1434 1809 1593 1833 :cternarum
1615 1814 1752 1842 poenarum
1775 1807 1843 1835 haud

1056 1848 1221 1875 subeundum
1241 1846 1291 1877 est.
1305 1848 1409 1884 Corpus
1423 1850 1539 1883 curabis,
1560 1855 1587 1877 ut
1600 1852 1715 1879 animam
1731 1853 1844 1886 perdas?

1056 1893 1112 1920 Non
1129 1894 1254 1928 praeclara
1268 1899 1309 1922 est
1329 1895 1484 1923 nundinatio
1500 1901 1542 1923 tua
1559 1905 1564 1922 :
1582 1897 1702 1932 corporis
1722 1899 1843 1925 condito-

1056 1947 1112 1967 rem
1127 1939 1270 1967 exaeerbas
1287 1940 1379 1974 Deum,
1395 1945 1422 1968 et
1436 1942 1596 1970 insidiatoris
1608 1943 1643 1969 tui
1655 1944 1781 1971 auxilium
1795 1945 1844 1971 im<

1056 1985 1153 2020 ploras.
1169 1986 1263 2013 Annon
1283 1987 1331 2013 hac
1348 1988 1465 2020 ratione,
1481 1993 1589 2022 propter
1603 1989 1740 2017 medicina:
1754 1990 1843 2017 scienv

1056 2031 1130 2065 tiam,
1150 2032 1222 2058 nullo
1243 2033 1349 2067 negotio
1369 2033 1454 2067 quivis
1475 2034 1674 2068 superstitiosus
1697 2035 1791 2066 homo,
1813 2045 1844 2059 ru

1057 2081 1081 2103 te
1109 2077 1277 2110 pertraxcrit,
1302 2077 1426 2105 Gentium
1452 2083 1478 2105 et
1502 2078 1566 2105 deos
1594 2083 1621 2105 ut
1644 2079 1759 2106 adores?
1779 2079 1844 2107 Nam

1056 2122 1152 2149 ethnici
1163 2130 1267 2158 quoque
1282 2122 1373 2149 horum
1387 2127 1444 2149 arte
1458 2124 1565 2150 morbos
1579 2131 1650 2158 smpe
1663 2129 1802 2157 curarunt,
1818 2131 1845 2151 et

1056 2173 1169 2204 mgrotos
1182 2166 1287 2196 sanitati
1301 2169 1482 2196 restituerunt.
1501 2169 1595 2196 ldeone
1609 2170 1751 2204 impietatis
1765 2173 1843 2206 parti-

1056 2215 1129 2249 cipes
1143 2215 1260 2242 erimus?
1270 2215 1354 2242 Absit.
1371 2215 1437 2242 Audi
1451 2215 1513 2250 qttid
1529 2215 1630 2251 Moyses
1640 2216 1738 2244 ,ΙυιΙΑξίε
1752 2218 1820 2245 dicat
1837 2228 1841 2242 ;

1057 2260 1087 2287 Si
1110 2260 1244 2286 surrexerit
1269 2260 1296 2286 in
1320 2259 1400 2286 medio
1422 2260 1457 2286 tui
1483 2261 1623 2295 prop/icta,
1650 2267 1693 2287 aut
1717 2264 1844 2290 somnians

1057 2306 1191 2336 somnium,
1207 2309 1230 2332 et
1249 2305 1344 2332 dederit
1358 2306 1400 2331 tibi
1415 2306 1513 2341 signant
1535 2307 1572 2333 rei
1584 2313 1742 2341 portentum;
1756 2316 1843 2336 evene-

1056 2352 1135 2384 ritque
1150 2351 1248 2385 signum
1258 2350 1297 2377 vel
1311 2356 1460 2385 portentum,
1473 2352 1540 2385 quod
1553 2351 1669 2386 loquutus
1679 2358 1725 2385 est,
1738 2359 1761 2380 et
1774 2354 1844 2381 diu-

1057 2398 1087 2422 rit
1102 2397 1135 2423 ad
1148 2402 1169 2422 te
1184 2405 1192 2423 :
1207 2405 1292 2423 eamus
1307 2401 1330 2423 et
1340 2397 1476 2423 serviamus
1489 2397 1537 2423 diis
1552 2393 1650 2430 alienis,
1665 2407 1725 2432 quos
1736 2408 1786 2426 non
1798 2409 1842 2426 no-

1058 2449 1144 2469 twunt
1159 2448 1242 2477 patres
1253 2443 1332 2470 nostri
1346 2451 1354 2469 :
1368 2452 1416 2469 non
1427 2443 1544 2470 obedietis
1557 2445 1635 2470 verbis
1649 2445 1786 2478 prop/tear,
1802 2452 1844 2472 aut

1057 2489 1215 2515 sonmiutoris
1236 2489 1304 2515 illius
1326 2488 1411 2523 (Deut.
1435 2489 1477 2515 l5.
1503 2488 1527 2524 Ι)
1561 2491 1678 2521 Quorum
1702 2492 1842 2518 verborum

1059 2535 1113 2562 lrvc
1127 2540 1167 2562 est
1183 2535 1311 2561 sententia
1328 2544 1333 2561 :
1348 2534 1374 2561 Si
1390 2535 1516 2569 propheta
1529 2535 1669 2569 quispiam,
1682 2536 1775 2570 inquit,
1786 2544 1845 2564 ειη·-

1058 2580 1165 2612 rexerit,
1182 2585 1207 2606 et
1228 2580 1331 2615 signum
1352 2580 1473 2612 ediderit,
1494 2580 1535 2607 vel
1558 2586 1690 2607 morttnnn
1712 2582 1842 2613 excitarit,

1058 2626 1098 2652 vel
1112 2626 1246 2660 leprosum
1260 2626 1435 2662 inundavcrit,
1450 2626 1490 2653 vel
1502 2626 1616 2653 debilem
1632 2628 1742 2658 sanarit,
1754 2628 1845 2662 signa-

1059 2680 1110 2707 que
1132 2672 1203 2698 edito
1227 2671 1259 2698 ad
1283 2672 1444 2706 impietatem
1468 2676 1493 2698 te
1515 2672 1630 2698 invitarit
1653 2681 1658 2697 :
1683 2679 1716 2698 ne
1737 2678 1845 2707 propter

1059 2718 1124 2754 signi
1139 2721 1264 2745 eventum
1277 2716 1395 2744 obedins.
1411 2716 1517 2749 Quare?
1542 2716 1632 2744 Tentat
1642 2717 1707 2748 enim
1719 2723 1742 2744 te
1752 2717 1843 2744 Domi-

1060 2773 1106 2790 nus
1119 2763 1187 2790 Deus
1198 2767 1264 2794 tuus,
1275 2767 1302 2789 ut
1316 2762 1452 2795 uideat,vau
1463 2762 1553 2797 diligas
1564 2762 1647 2797 ipsum
1655 2770 1686 2788 rx
1697 2767 1747 2788 toto
1772 2766 1851 2791 corde

1060 2815 1112 2842 tuo,
1127 2814 1149 2835 et
1164 2816 1195 2835 εει
1209 2812 1259 2834 tota
1273 2808 1358 2834 anima
1373 2814 1416 2834 tua
1442 2806 1531 2842 (Ibid.
1546 2816 1569 2834 υ.
1592 2807 1630 2841 3).
1648 2806 1722 2835 Unde
1742 2813 1847 2834 censue

1062 2855 1196 2881 daemones
1209 2860 1262 2879 non
1276 2851 1386 2879 mederi.
1402 2852 1477 2885 Quod
1489 2852 1521 2884 si,
1540 2853 1593 2880 Deo
1605 2851 1785 2887 permittente,
1801 2852 1847 2878 ali.
