2043 3116
205 163 256 189 κὶἱὶῖ

547 161 581 189 IN
600 156 665 189 EOS
683 156 742 194 QUI
761 159 830 188 CUM
849 158 920 187 JUD.
941 158 1123 187 JEJUNANT.
1144 158 1323 188 ADVERSUS
1342 160 1414 189 ΗΠ).
1436 160 1467 189 ll.

1791 151 1844 180 8T8

226 228 1808 243 ————————-———-———_—-—————————_

206 274 365 299 ADVERSUS
394 276 449 298 EOS
478 276 531 303 QUI
554 269 733 297 JUDIEORUM
754 274 910 296 JEJUNIUM
932 273 1103 300 JEJUNANT,
1118 272 1158 294 ET
1179 273 1340 295 ADVERSUS
1363 272 1445 296 IPSOS
1467 275 1594 298 JUDJHOS
1617 278 1625 297 Ξ

1650 277 1743 300 DICTA
1787 279 1841 301 EST

223 319 330 349 At'rtiu
354 322 489 350 uouxtta‘
511 320 650 353 QUINQUE
664 319 776 348 urceus
799 326 882 348 aure
903 324 1060 346 πελεκιοΜ
1084 323 1232 352 IPSOBUM,
1249 324 1289 345 ετ
1303 325 1367 347 cum
1383 325 1455 347 ALIA
1470 326 1563 349 PRIUS
1580 327 1696 350 metu
1714 329 1820 351 essm.

909 395 959 418 6:0
965 392 1118 418 etﬁtoolea

467 459 566 484 ORATIO
579 462 705 484 SECUNm.

232 503 253 529 f.
267 502 366 529 Avocat
374 501 406 526 ab
416 500 557 529 inmundis
568 501 717 529 Judworum
734 501 850 537 jejuniis.
877 516 910 520 ——-
934 499 992 527 Jatn

202 547 319 581 iniquum
335 546 400 575 illud
423 552 450 575 et
471 547 636 575 immundum
650 546 801 575 Iudaeorum
821 546 950 581 jejunium
967 545 993 571 in

202 591 301 620 foribus
322 593 407 621 adest.
424 593 511 621 Nolite
532 601 595 620 vero
611 593 720 625 mirari,
735 591 757 619 si
778 592 907 627 jejunium
930 590 993 618 iiltul

202 638 365 666 immundum
379 639 508 674 appellavi
520 648 526 666 :
537 638 606 674 quod
620 638 691 666 enim
706 642 801 673 prmter
814 638 860 664 Dei
877 641 992 664 mentem

202 683 249 716 fit,
265 684 320 712 sive
341 685 500 712 sacrificium
523 685 579 712 sive
590 684 720 719 jejunium
743 684 795 714 sit,
812 684 930 710 omnium
954 687 994 710 est

202 731 420 764 impurissimum.
433 731 554 766 iniquum
567 731 647 766 igitur
661 731 778 765 ipsorum
790 730 919 764 jejunium
934 733 994 764 post

200 775 315 810 quinque
329 775 454 811 deinceps
467 775 523 803 dies
538 776 626 807 instat,
642 780 668 802 at
681 783 729 810 ego
742 779 803 802 ante
825 775 917 801 decem
937 774 994 800 dies

201 823 244 848 \‘el
266 823 367 857 plures,
382 823 592 850 eohnrtationem
615 821 648 849 ad
664 830 711 849 vos
732 822 829 853 habui,
847 826 876 848 ut
899 820 994 848 fratres

199 869 304 895 vestros
318 869 517 903 prmmunirem.
526 868 609 896 Nemo
618 873 705 896 autem
715 868 862 896 orationem
876 871 993 894 nostram

200 914 272 940 velut
294 914 503 950 intempestivam
528 919 653 948 accuset,
669 914 739 949 quod
762 921 820 942 eam
847 918 884 940 tot
900 913 993 940 diebus

200 962 261 985 ante
272 959 493 993 prmmiserimus:
506 968 565 986 nam
575 964 601 986 et
609 959 714 994 quando
724 959 805 986 febris
814 963 992 993 exspectatur,

200 1007 244 1030 aut
266 1003 333 1030 alius
354 1005 449 1039 aliquis
463 1004 571 1032 morbus
584 1025 590 1037 ,
607 1004 690 1032 umlto
713 1010 774 1032 ante
796 1011 892 1038 corpus
914 1004 970 1038 ejus
984 1025 991 1037 ,

199 1056 278 1083 quem
305 1048 386 1077 febris
413 1056 566 1085 correptura
596 1056 655 1083 est,
682 1051 763 1077 variis
791 1050 993 1077 medicamentis

200 1095 378 1128 prmumniunt
391 1095 496 1126 medici,
507 1101 533 1123 et
545 1101 686 1130 antequam
701 1104 730 1123 re
743 1096 799 1130 ipsa
814 1095 858 1122 fiat
871 1103 994 1123 accessus

201 1141 297 1175 morbi,
307 1142 340 1168 ab
349 1142 548 1170 imminentibus
557 1142 619 1169 illud
629 1142 704 1169 malis
713 1142 847 1169 vindicare
856 1141 991 1169 festinant.

199 1186 309 1219 Quando
338 1187 418 1222 igitur
443 1192 492 1214 nos
519 1195 624 1223 quoque
648 1187 833 1222 gravissimum
855 1188 993 1215 imminere

200 1232 321 1258 ninrbum
335 1232 455 1260 videnms
468 1255 474 1266 ,
491 1234 564 1268 prius
584 1241 615 1261 ac
627 1233 711 1260 multo
733 1239 794 1261 ante
809 1238 929 1268 tempore
943 1233 992 1261 ob-

201 1282 327 1305 ιρςιτισιιιη·
338 1299 346 1312 ,
361 1284 388 1305 ut
402 1284 543 1314 antequam
560 1287 608 1306 nos
623 1287 653 1307 re
674 1281 730 1315 ipsa
752 1280 850 1306 malum
866 1279 969 1307 invadat
984 1300 990 1311 ,

199 1323 346 1350 remedium
363 1324 446 1358 possit
464 1324 594 1351 adhiberi.
619 1325 761 1359 Propterea
778 1334 829 1352 non
855 1326 918 1360 ipsis
940 1326 992 1353 illis

199 1368 292 1395 diebus
314 1369 501 1397 instituendam
516 1371 607 1398 censui
622 1368 832 1398 adhortationem
846 1392 852 1402 .
870 1379 902 1398 ne
925 1371 992 1398 forte

200 1415 327 1448 angustiis
347 1420 494 1449 temporum
511 1416 628 1450 impediti
649 1422 757 1451 captare
778 1416 872 1443 fratres
888 1416 991 1444 veStros

199 1460 230 1485 a‘c
245 1458 334 1485 venari
349 1467 403 1486 non
427 1461 538 1494 possetis
551 1482 558 1493 ,
573 1461 619 1488 sed
634 1461 775 1488 multorum
790 1462 892 1489 dierum
906 1463 991 1496 spatio

198 1503 260 1530 dato
273 1511 366 1532 secure
375 1506 489 1539 possetis
496 1513 552 1539 eos,
563 1506 607 1541 qui
615 1505 745 1541 ejusmodi
757 1506 850 1534 morbo
859 1507 989 1540 laborant,

200 1550 324 1585 indagare
338 1556 416 1587 atque
431 1552 463 1579 ab
480 1553 527 1579 hac
540 1557 612 1587 peste
628 1560 764 1581 revocare.
779 1554 816 1580 lta
832 1561 937 1589 quoque
950 1555 991 1581 fa-

199 1605 259 1624 cere
273 1599 369 1631 solent,
384 1599 428 1634 qui
445 1599 549 1633 nuptias
563 1599 711 1633 celebrant,
725 1604 753 1627 et
763 1601 847 1627 lautas
858 1601 991 1628 instruunt

199 1650 289 1671 cwnas
311 1652 385 1672 :non
408 1645 472 1679 ipsis
493 1645 601 1677 diebus,
617 1645 664 1672 sed
680 1646 763 1672 multo
785 1650 847 1673 ante
871 1651 991 1681 tempore

200 1690 345 1724 piscatores
361 1691 471 1725 piscium
488 1695 515 1717 et
528 1691 616 1717 avium
630 1697 746 1725 aucupes
763 1691 942 1726 alloquuntur,
958 1700 990 1719 ne

200 1735 280 1762 ullum
304 1735 368 1770 ipsis
390 1735 424 1762 ab
447 1735 576 1770 angustiis
601 1736 727 1770 temporis
750 1736 783 1763 ad
808 1736 990 1764 instruendam

200 1788 317 1808 mensam
341 1781 560 1817 impedimentum
585 1781 750 1809 adhibeatur.
775 1782 887 1815 Quando
912 1783 991 1818 igitur

200 1835 247 1854 nos
260 1835 364 1862 quoque
381 1834 500 1854 mensam
517 1828 590 1855 vobis
610 1827 738 1855 adversus
759 1827 911 1854 Jud;corum
934 1832 992 1855 stti-

201 1881 290 1907 [mrem
311 1874 457 1908 apposituri
479 1882 585 1901 eramus
595 1895 602 1906 ,
618 1876 691 1909 prius
706 1882 754 1900 vos
768 1874 913 1909 pismtores
927 1875 993 1901 allo-

199 1920 313 1953 quimur,
331 1924 358 1945 ttt
379 1919 538 1946 inﬁrmiores
554 1927 587 1946 ex
608 1920 733 1947 fratribus
751 1921 847 1947 vestris
863 1921 992 1955 indagetis

199 1968 276 1998 atque
290 1965 412 1998 captetis,
429 1970 455 1992 et
469 1965 501 1991 ad
513 1965 660 1992 audiendos
671 1973 809 1993 sermones
824 1971 928 1993 nostros
943 1967 991 1993 de-

199 2010 311 2036 ducatis.
327 2010 461 2045 Quotquot
487 2011 566 2045 igitur
587 2011 642 2045 jam
659 2011 751 2045 piscati
774 2013 855 2045 estis,
879 2016 906 2038 et
922 2012 990 2039 intra

201 2056 263 2081 retia
277 2060 369 2090 captos
388 2062 483 2083 secure
505 2056 616 2088 tenetis,
633 2061 738 2084 manete
751 2064 782 2083 ac
797 2057 991 2084 cohortationis

201 2101 259 2127 illos
274 2109 397 2128 sermone
412 2101 604 2137 constringito:
620 2106 750 2137 quotquot
763 2107 852 2130 autem
873 2103 990 2130 nondum

201 2147 355 2181 praeclaram
368 2147 439 2174 illam
456 2148 572 2182 praedam
588 2147 695 2182 cepistis
706 2168 714 2181 ,
728 2148 863 2176 sufficiens
875 2149 992 2184 quinque

198 2193 301 2220 dierum
323 2194 436 2227 spatium
459 2193 580 2227 habetis,
598 2199 626 2221 ut
648 2194 691 2221 illa
711 2199 819 2230 captura
843 2195 989 2229 patiamini.

201 2238 388 2274 Exprandamus
401 2238 480 2274 igitur
489 2239 617 2266 doctrina:
632 2239 697 2267 retia
707 2259 714 2272 ,
729 2241 931 2268 circumstemus
945 2247 991 2268 eos

200 2285 225 2312 in
245 2283 337 2311 orbem
352 2287 484 2318 tamquam
499 2284 612 2312 venatici
627 2291 720 2317 canes,
736 2285 911 2320 undequaque
931 2285 991 2312 illos

201 2331 226 2357 in
241 2331 312 2365 leges
327 2331 452 2357 Ecclesia:
469 2331 659 2365 compellamus
673 2339 680 2357 :
696 2331 824 2365 optimum
839 2337 926 2358 autem
941 2332 991 2359 illis

200 2381 367 2408 venatorem,
390 2376 412 2403 si
429 2376 543 2409 vidctttr,
564 2375 670 2403 beatum
688 2376 797 2403 Paulum
818 2376 991 2404 adhibeamus

200 2421 357 2447 ('laumulcm
370 2428 401 2448 ac
413 2421 545 2448 dicentem
559 2429 565 2448 ;
580 2421 645 2448 Ecce
661 2429 705 2457 ego
721 2421 818 2448 Paulus
832 2421 888 2448 dico
905 2422 990 2454 vobis,

200 2467 317 2502 quoniam
331 2468 353 2494 si
367 2467 579 2494 cirewncidamint'
590 2488 597 2499 ,
613 2466 728 2494 Christus
742 2467 809 2494 vobis
823 2467 887 2494 nihil
898 2468 991 2503 prode-

201 2514 233 2539 rit
261 2512 330 2549 (Gal.
348 2513 374 2541 5.
388 2513 426 2548 2).
441 2513 507 2541 Nam
528 2518 554 2540 et
574 2513 654 2541 multa
674 2513 727 2542 fera
741 2518 767 2542 et
782 2515 912 2542 silvestria
932 2515 990 2542 ani-

202 2559 290 2589 malia.
303 2558 324 2586 si
338 2558 443 2594 quando
454 2559 503 2586 sub
514 2559 629 2586 arbustis
639 2560 804 2593 delitescant,
820 2561 863 2588 ubi
878 2560 991 2595 primum

201 2604 335 2631 venatoris
356 2612 447 2631 vocem
461 2606 621 2637 exaudiunt,
640 2613 694 2640 pra:
710 2611 781 2633 metu
802 2607 945 2640 exsiliunt,
961 2616 992 2634 ac

201 2651 274 2677 vocis
288 2650 446 2678 necessitate
459 2652 595 2686 compulsa
607 2672 614 2684 ,
635 2652 732 2686 saepius
745 2652 823 2679 etiam
845 2653 925 2679 invita
939 2653 992 2680 cla-

202 2706 276 2725 more
290 2698 420 2725 concitata
435 2698 461 2725 in
479 2699 549 2732 ipsas
561 2706 650 2726 casses
672 2699 848 2726 detruduntur
860 2708 866 2726 :
879 2700 914 2726 ita
926 2707 992 2735 quo-

201 2751 252 2778 que.
264 2743 359 2770 fratres
372 2743 462 2776 vestri,
480 2744 535 2779 qui,
551 2749 683 2779 tamquam
698 2745 723 2772 in
737 2745 844 2772 arbusto
859 2746 972 2780 quodam
983 2767 990 2779 ,

203 2790 228 2816 in
243 2789 381 2816 .ludaismo
395 2789 595 2822 delitescebant,
608 2791 631 2817 si
647 2791 719 2817 Pauli
736 2799 827 2818 vocem
840 2792 990 2826 audierint,

201 2835 279 2863 facile
293 2836 317 2862 in
331 2835 423 2863 salutis
443 2835 509 2863 retia
526 2835 640 2863 incident
653 2856 660 2869 ,
677 2842 717 2864 sat
732 2838 796 2869 scin,
812 2842 838 2864 et
853 2838 990 2866 Judaicuut

202 2889 308 2909 omnem
325 2889 442 2910 errorem
459 2882 594 2916 alijieicut.
611 2882 667 2910 Non
682 2883 752 2911 enim
770 2883 865 2911 Paulus
879 2888 929 2919 est,
946 2884 990 2920 qui

390 3012 399 3029 ὶ

1047 451 1174 486 loquitur,
1190 452 1236 479 sed
1251 452 1389 486 Christus,
1411 454 1454 489 qui
1469 455 1584 482 animam
1600 457 1658 491 ejus
1674 463 1771 486 movet.
1787 458 1838 486 Ita-

1047 505 1098 532 que
1113 505 1172 524 cum
1191 498 1349 526 clamantem
1370 499 1443 526 illum
1462 500 1536 527 audis
1551 509 1583 528 ac
1606 502 1757 530 dicentem:
1776 503 1841 532 Ecca

1046 550 1092 576 ego
1116 541 1215 569 Paulus
1236 543 1291 570 dico
1313 543 1395 577 vobis,
1418 545 1536 579 quoniam
1560 547 1582 573 si
1607 548 1839 581 circumcidumini,

1047 586 1161 614 Christus
1176 588 1243 614 vobis
1257 588 1321 616 nihil
1339 590 1467 623 proderit,
1484 591 1567 618 solam
1584 600 1675 620 vocem
1692 594 1766 622 Pauli
1781 604 1841 623 esse

1047 637 1120 666 puta,
1138 641 1245 660 sensum
1261 639 1348 661 autem
1365 640 1391 663 et
1409 635 1505 670 dogma
1519 637 1617 665 Christi
1631 645 1690 666 esse
1703 647 1717 666 a
1730 648 1782 675 quo
1795 635 1841 668 in;

1049 681 1090 704 tus
1106 677 1261 706 docebatur.

1084 722 1304 753 Circumcisionem
1317 725 1447 754 observare
1460 729 1574 755 noxium.
1588 744 1623 749 —
1636 729 1688 757 Sed
1702 731 1771 758 dicet
1786 731 1842 759 for-

1049 773 1118 796 tasse
1137 770 1267 805 quispiam
1285 780 1291 798 :
1312 771 1419 807 Ergone
1441 778 1542 801 tantum
1563 767 1773 803 circumcisionis
1798 782 1840 805 est

1047 815 1171 841 damnum
1184 835 1190 847 ,
1209 820 1236 842 ut
1252 821 1332 844 totam
1347 817 1446 846 Christi
1468 819 1693 854 dispensationem
1717 822 1836 850 inutilem

1048 860 1160 887 reddat?
1175 861 1219 888 Sic
1240 866 1294 895 est;
1310 867 1410 890 tantum
1431 868 1472 891 est
1485 865 1611 893 damnum
1627 867 1837 895 circumcisionis

1047 913 1100 932 non
1115 906 1149 933 ob
1162 908 1296 942 propriam
1308 913 1439 943 naturam,
1452 909 1499 937 sed
1511 911 1545 939 ob
1557 912 1762 946 improbitatem.
1777 914 1839 942 Fuit

1047 953 1109 980 olim
1125 958 1238 988 tempus,
1253 962 1312 982 cum
1334 956 1405 983 utilis
1428 960 1455 984 et
1469 959 1619 986 necessaria
1634 958 1676 986 lex
1691 965 1747 986 crat
1761 969 1766 987 :
1782 961 1837 995 jam

1047 1005 1111 1025 vero
1125 1000 1239 1026 cessavit
1254 1001 1375 1027 ctotiosa
1391 1005 1442 1028 est.
1458 1001 1486 1029 Si
1504 1002 1583 1037 igitur
1604 1003 1790 1038 intempestive
1805 1006 1838 1032 il-

1047 1044 1099 1070 lam
1114 1045 1159 1071 tibi
1173 1046 1309 1078 concilies,
1334 1046 1432 1074 Christi
1447 1048 1545 1076 donum
1559 1049 1650 1077 inutile
1666 1051 1712 1078 tibi
1733 1052 1835 1079 reddet.

1047 1088 1188 1124 Propterea
1205 1090 1326 1118 Christus
1349 1093 1424 1120 vobis
1449 1093 1514 1120 nihil
1539 1095 1673 1129 proderit,
1701 1097 1760 1131 quia
1784 1106 1838 1125 non

1045 1135 1124 1162 vultis
1139 1136 1278 1164 accedere.
1294 1138 1359 1165 Nam
1373 1139 1395 1166 si
1410 1139 1468 1174 quis
1482 1140 1507 1167 in
1522 1140 1652 1169 adulterio
1668 1151 1699 1170 ac
1715 1145 1838 1179 turpissi-

1046 1181 1096 1207 mis
1125 1181 1285 1210 facinoribus
1309 1183 1495 1219 deprehensus
1528 1194 1662 1215 carcerem
1687 1189 1836 1224 habitaret,

1045 1226 1141 1253 deinde
1159 1235 1219 1254 cum
1234 1230 1448 1258 constituendum
1461 1231 1514 1266 jant
1530 1237 1600 1260 esset
1622 1234 1748 1262 adversus
1763 1234 1836 1263 illum

1043 1271 1169 1307 judicium
1180 1294 1186 1306 ,
1202 1279 1229 1301 et
1248 1275 1379 1303 sententia
1394 1276 1572 1306 damnationis
1595 1278 1702 1307 ferenda
1713 1301 1720 1314 ,
1737 1282 1839 1309 veniret

1045 1319 1116 1353 regis
1132 1320 1244 1354 epistola
1255 1342 1261 1353 ,
1285 1329 1344 1356 qua:
1358 1327 1468 1350 cunctos
1481 1331 1587 1353 carcere
1601 1326 1723 1354 detentos
1736 1327 1838 1364 absque

1047 1365 1149 1392 ratione
1162 1373 1192 1393 ac
1210 1366 1396 1401 disquisitione
1410 1369 1461 1396 ulla
1477 1368 1637 1404 dimitteret,
1654 1372 1677 1399 is
1690 1373 1734 1408 qui
1756 1374 1839 1402 nollet

1044 1411 1114 1437 dono
1137 1411 1205 1444 frui,
1222 1413 1269 1439 sed
1287 1413 1416 1447 judicium
1437 1416 1527 1443 subire
1549 1417 1640 1444 mallet
1661 1426 1692 1446 ac
1707 1420 1838 1448 rationem

1044 1457 1167 1491 reddere,
1182 1459 1396 1495 suppliciumque
1411 1462 1543 1490 sustinere
1558 1464 1745 1500 contenderet,
1757 1466 1837 1494 benc-

1043 1499 1104 1531 ficio
1116 1512 1167 1532 non
1181 1506 1294 1540 amplius
1306 1507 1344 1534 uti
1359 1513 1457 1543 posset.
1472 1509 1539 1537 Cum
1554 1511 1625 1538 enim
1639 1513 1784 1542 obnoxium
1795 1514 1841 1549 ju-

1043 1550 1113 1578 dicio
1126 1559 1158 1578 ac
1171 1553 1311 1580 sententia:
1324 1561 1353 1582 se
1368 1554 1537 1589 reddidisset,
1553 1563 1649 1592 sponte
1662 1561 1777 1594 seipsnm
1792 1569 1837 1588 rc-

1042 1597 1085 1631 gio
1101 1597 1171 1625 dono
1184 1599 1315 1634 privassct
1328 1609 1334 1627 :
1352 1601 1386 1628 ita
1400 1610 1505 1637 quoque
1518 1603 1617 1632 Judaeis
1632 1607 1729 1633 evenit.
1742 1606 1838 1636 Videte

1044 1650 1157 1678 namque
1170 1653 1176 1670 :
1191 1644 1404 1678 turpissimormn
1419 1656 1464 1675 rea
1479 1649 1623 1677 facinorum
1639 1653 1758 1680 convicta
1775 1654 1835 1682 fue-

1043 1692 1083 1714 rat
1097 1687 1234 1716 hominum
1251 1691 1374 1718 universa
1399 1698 1511 1720 natura:
1529 1704 1614 1722 omnes
1634 1698 1700 1724 enim
1720 1707 1838 1734 peccave-

1043 1738 1102 1760 runt
1116 1734 1201 1769 (Rom.
1219 1736 1244 1763 5.
1259 1736 1316 1772 25),
1333 1739 1428 1771 inquit,
1443 1745 1467 1766 et
1491 1746 1624 1775 tamquam
1639 1750 1748 1772 carcere
1771 1753 1838 1780 pric-

1042 1780 1211 1809 varicationis
1227 1783 1368 1810 maledicto
1380 1785 1461 1812 clausi
1476 1792 1552 1813 erant
1565 1787 1635 1822 :jam
1649 1788 1758 1817 ferenda
1779 1796 1837 1819 erat

1041 1825 1139 1860 judicis
1154 1826 1281 1855 adversus
1303 1829 1360 1856 illos
1384 1831 1531 1865 sententia,
1548 1835 1619 1861 venit
1634 1842 1649 1862 e
1671 1837 1742 1863 caelis
1757 1837 1837 1873 Regis

1044 1871 1153 1906 cpistola
1165 1893 1171 1904 ,
1196 1873 1248 1900 imo
1266 1882 1330 1901 vero
1345 1875 1399 1902 llex
1424 1876 1480 1911 ipse
1495 1878 1585 1910 venit,
1602 1880 1645 1914 qui
1668 1881 1769 1916 absque
1784 1871 1837 1911 ulla

1044 1917 1248 1953 disquisitione,
1279 1921 1431 1955 rutilamque
1458 1924 1587 1952 rationem
1613 1926 1721 1961 exigens
1743 1935 1838 1956 omnes

1045 1964 1145 1998 peccati
1162 1965 1275 1992 vinculis
1288 1966 1420 1994 liberavit.

1079 2008 1106 2034 2.
1122 2008 1220 2036 Omnes
1241 2010 1328 2045 igitur,
1344 2013 1387 2047 qui
1403 2019 1555 2048 accurrunt,
1577 2016 1647 2043 dono
1662 2019 1794 2051 fruuntur.
1810 2026 1838 2048 et

1043 2053 1127 2088 gratia
1143 2055 1209 2082 salvi
1233 2055 1318 2084 fiunt:
1334 2058 1378 2092 qui
1394 2066 1456 2086 vero
1472 2067 1519 2094 per
1538 2060 1623 2096 legem
1641 2063 1779 2097 justilicari
1795 2073 1837 2092 vo-

1043 2099 1111 2134 lunt,
1129 2101 1208 2128 etiam
1228 2110 1242 2128 a
1258 2104 1341 2137 gratia
1357 2105 1489 2134 excident.
1504 2106 1597 2142 Neque
1609 2110 1680 2137 enim
1697 2111 1770 2146 regia
1784 2111 1836 2140 frui

1043 2147 1184 2176 clementia
1198 2154 1333 2185 poterunt,
1350 2153 1394 2187 qui
1409 2155 1522 2189 propriis
1537 2156 1637 2185 viribus
1651 2159 1762 2187 salutem
1779 2162 1836 2189 adi-

1044 2194 1109 2228 pisci
1125 2196 1302 2231 contendunt,
1316 2202 1343 2225 et
1356 2199 1405 2226 sibi
1420 2201 1591 2230 maledictum
1605 2204 1670 2239 legis
1685 2213 1834 2241 accersent,

1042 2241 1167 2275 quoniam
1189 2250 1221 2269 ex
1237 2244 1362 2278 operibus
1385 2246 1451 2281 legis
1472 2256 1524 2275 non
1547 2249 1736 2283 justilicabilur
1749 2255 1836 2282 omnis

1042 2292 1114 2313 caro.
1131 2287 1231 2316 Idcirco
1245 2289 1325 2323 dicit,
1346 2290 1376 2318 Si
1387 2292 1602 2322 circumcidamini
1612 2318 1619 2329 ,
1639 2297 1752 2326 Christus
1768 2301 1836 2328 vobis

1043 2333 1107 2359 nihil
1127 2335 1238 2368 proderit
1259 2336 1329 2369 (Gal.
1345 2337 1370 2365 5.
1385 2339 1424 2374 2).
1440 2339 1504 2367 Nam
1518 2342 1562 2376 qui
1584 2351 1614 2370 ex
1630 2344 1695 2379 legis
1710 2347 1836 2380 operibus

1042 2380 1131 2407 salvus
1146 2381 1202 2408 fieri
1217 2384 1363 2416 c0ntendit,
1379 2385 1444 2412 nihil
1459 2386 1538 2415 habet
1551 2396 1691 2418 commune
1705 2399 1764 2419 cum
1778 2401 1835 2428 gra-

1044 2425 1090 2452 tia.
1113 2426 1190 2460 Quod
1212 2428 1298 2462 ipsutn
1315 2430 1404 2465 utique
1420 2431 1518 2460 Paulus
1539 2434 1691 2469 significans
1706 2425 1811 2464 dicebat
1828 2448 1834 2464 ε

1044 2470 1075 2497 Si
1086 2471 1180 2505 gratia,
1187 2473 1243 2507 jam
1261 2481 1310 2500 non
1325 2483 1356 2501 ea:
1370 2475 1485 2510 operibus
1498 2485 1506 2503 :
1519 2478 1614 2514 alioqui
1625 2481 1707 2514 gratia
1714 2482 1772 2517 jum
1786 2491 1836 2510 non

1042 2521 1078 2542 est
1090 2518 1181 2551 gratia.
1205 2518 1236 2545 Si
1250 2524 1333 2546 autent
1346 2529 1377 2548 ex
1391 2522 1523 2556 operibus,
1532 2524 1589 2558 jam
1612 2533 1661 2553 non
1674 2531 1710 2553 est
1730 2529 1812 2562 gratia
1826 2537 1836 2556 :

1043 2563 1155 2598 alioquin
1174 2572 1237 2599 opus
1246 2566 1302 2601 jam
1318 2575 1366 2594 non
1379 2573 1415 2595 est
1428 2577 1491 2604 opus
1509 2570 1595 2604 (Rom.
1613 2571 1656 2599 11.
1673 2572 1711 2609 6).
1732 2574 1764 2601 Ρι
1778 2583 1837 2602 rur—

1043 2617 1105 2643 sus,
1123 2610 1154 2638 Si
1167 2612 1233 2638 enim
1254 2621 1298 2647 per
1310 2613 1388 2648 legem
1403 2616 1518 2650 jusliliu,
1544 2626 1603 2652 ergo
1622 2620 1700 2653 gralis
1720 2620 1836 2648 Christus

1044 2661 1156 2683 mortuus
1177 2661 1213 2683 est
1230 2657 1300 2692 (Gal.
1321 2659 1348 2686 Ξ.
1363 2660 1409 2694 9.1)
1423 2682 1428 2686 .
1446 2661 1478 2688 Et
1492 2670 1584 2689 rursus
1600 2674 1607 2690 τ
1624 2664 1674 2697 Qui
1688 2665 1713 2691 in
1729 2666 1782 2701 lege
1790 2667 1837 2701 ju-

1043 2702 1197 2736 sti/immini,
1213 2711 1228 2729 a
1241 2705 1324 2738 gratia
1339 2706 1468 2734 excidia-lis
1481 2707 1551 2742 (Gul.
1568 2710 1594 2736 5'.
1608 2710 1646 2745 τί).
1661 2711 1834 2740 Mortificatus

1043 2755 1072 2774 es
1095 2748 1161 2783 legi,
1177 2754 1298 2778 mortuus
1320 2759 1349 2778 es
1373 2752 1476 2780 factus:
1493 2762 1543 2781 non
1560 2756 1673 2790 amplius
1693 2758 1742 2785 sub
1760 2758 1834 2794 jngo,

1044 2801 1095 2820 non
1112 2795 1224 2829 amplius
1239 2796 1289 2823 sub
1303 2797 1361 2832 ejus
1375 2799 1535 2828 necessitate
1547 2802 1661 2830 versaris
1674 2811 1679 2829 :
1697 2803 1759 2838 quid
1772 2812 1834 2840 ergo

1044 2839 1140 2866 frustra
1155 2841 1200 2867 tibi
1214 2846 1241 2868 ct
1253 2841 1310 2870 sine
1328 2850 1407 2870 causa
1428 2845 1563 2880 negotium
1584 2846 1710 2875 exhibere
1725 2839 1831 2877 conten-

1045 2886 1105 2913 dis?
1121 2888 1152 2914 At
1175 2888 1244 2915 enim
1260 2897 1309 2924 qua
1330 2889 1363 2918 de
1378 2898 1456 2919 causa
1473 2900 1569 2920 nomen
1585 2901 1660 2922 suum
1684 2897 1768 2925 posuit
1786 2897 1835 2924 hoc
