2043 3116
230 177 282 204 858

230 232 290 259 loco
306 231 419 263 Paulus,
440 239 525 266 neque
546 230 703 265 simpliciter
718 229 783 256 dixit
796 237 802 255 :
819 235 882 256 ecce
896 235 946 263 ego
959 227 1020 255 dico

230 277 324 305 vobis?
339 277 473 304 Ilcvocarc
489 276 570 303 voluit
583 275 635 302 illis
650 275 676 302 in
691 279 806 301 ntettlcm
823 273 887 300 illttd
902 273 1019 300 studimtt

224 331 318 355 suum,
330 322 401 358 quod
413 329 474 357 erga
489 321 654 349 Judaismunt
665 319 830 347 ostenderat.
842 318 907 346 Nam
922 319 943 346 si
957 319 1018 354 qui-

229 371 289 395 dem
305 375 391 396 essein
405 375 438 395 ex
450 367 584 402 gentibus,
601 365 696 400 inquit,
710 369 738 392 et
748 373 790 392 res
803 364 926 392 Judaicas
941 364 1017 400 igno-

229 421 326 445 rarent,
343 413 444 440 diceret
456 412 569 440 fortasse
584 412 680 446 aliquis
690 431 697 444 ,
712 410 782 446 quod
798 411 869 438 illius
883 409 1019 446 religionis

229 459 362 495 mysteriis
373 458 490 486 initiatus
501 465 554 485 non
567 457 686 490 fuissent,
701 465 732 484 ac
745 457 798 483 vim
809 456 1019 484 circumcisionis

228 505 394 540 ignorarem,
411 504 511 531 idcirco
526 511 569 531 tne
581 504 615 531 ab
635 503 763 531 Ecclesia:
784 503 880 530 ritibus
901 502 972 529 illatn
987 509 1019 529 ac

226 549 393 584 dogmatibus
406 549 540 584 ablegare.
563 549 707 584 Propterea
727 556 823 576 nomen
838 555 915 575 suuut
937 555 1018 582 appo-

226 596 289 628 suit,
302 603 332 624 ea
346 603 474 624 revocans
489 595 542 622 illis
556 595 582 622 in
599 595 766 627 memoriam,
787 602 846 629 qua:
859 594 925 629 legis
938 600 1018 621 causa

226 641 401 676 prmstiterat,
417 640 492 676 quasi
513 641 632 668 diceret:
648 648 700 667 non
721 639 783 667 odio
806 638 1017 666 circumcisionis

226 687 296 715 istud
308 695 367 722 ago,
382 687 430 714 sed
443 687 469 714 in
483 687 618 722 agnitione
634 686 764 713 veritatis.
786 685 842 720 Ego
856 685 952 712 Paulus
967 684 1017 712 hoc

225 733 296 767 dico,
312 733 409 760 Paulus
421 733 465 760 ille.
477 753 486 766 ,
507 733 682 760 circumcisus
695 736 789 759 octavo
803 731 856 765 die,
878 735 906 759 et
920 738 1018 766 genere

227 779 343 807 Israelita
354 800 362 812 ,
386 779 514 806 Ilebricus
528 787 560 806 ex
576 778 694 806 Hebraeis
704 799 710 810 ,
725 777 759 805 dc
773 778 843 805 tribu
859 777 997 811 Benjamin
1008 797 1015 810 ,

224 826 369 854 secundum
380 826 466 861 legem
479 825 628 852 I‘harisams
636 824 766 861 (Philipp.
777 825 804 852 ὅ.
816 824 856 858 5),
868 824 1015 851 secundum

223 872 418 899 inmolationem
436 878 599 905 persequens
613 869 759 898 Ecclesiam
772 890 779 902 ,
793 869 838 905 qui
854 877 902 904 per
922 869 1016 896 domos

224 916 364 949 intrabant,
379 921 406 944 et
420 916 557 944 trahebant
569 916 641 942 viros
656 923 687 943 ac
699 915 836 948 mulieres,
849 919 876 942 et
889 915 914 941 in
930 919 1016 942 custo-

223 963 293 990 diam
307 963 442 990 tradebain
455 972 462 990 :
479 961 576 997 quibus
586 962 711 989 omnibus
723 962 802 988 etiam
814 961 891 988 valde
901 960 1014 994 stupidis

223 1008 383 1044 persuadere
399 1015 507 1043 possum
532 1015 574 1034 Ine
595 1015 647 1034 non
662 1006 724 1034 odio
742 1006 848 1041 aliquo,
869 1006 911 1033 vel
925 1013 1014 1033 rerum

221 1054 392 1082 Judaicarum
425 1053 610 1088 ignoratione,
641 1053 688 1080 sed
713 1057 823 1087 propter
851 1052 1014 1079 eminentent

222 1100 361 1128 scientiam
381 1098 443 1126 Jesu
457 1098 555 1126 Christi
571 1098 656 1132 legem
671 1097 739 1124 hanc
759 1097 863 1124 tulisse.
883 1095 1015 1131 Testiﬁcor

221 1150 303 1172 autent
318 1153 421 1177 rttrsur,
439 1144 542 1179 inquit,
565 1143 634 1170 omni
647 1143 742 1170 homini
762 1142 949 1170 circitmcidenti
967 1151 992 1169 se
1004 1163 1012 1175 ,

221 1191 339 1226 quoniam
351 1190 448 1217 debitor
462 1194 498 1217 est
508 1190 630 1216 universa:
643 1189 704 1224 legis
718 1188 886 1224 adimplenda!
901 1187 973 1223 (Gul.
984 1188 1011 1215 5.

220 1237 260 1272 5).
273 1237 360 1271 Quare
381 1244 433 1263 non
448 1235 528 1269 dixit,
551 1235 679 1262 denuntio
694 1239 799 1272 autem,
824 1234 865 1260 vel
889 1233 1013 1268 principio

220 1288 320 1316 autem,
336 1287 380 1310 aut
394 1282 454 1310 dico
467 1286 565 1313 autem,
582 1281 628 1308 scd
648 1279 808 1308 ’l‘estilicor?
822 1279 856 1307 Ut
870 1279 919 1306 hoc
931 1279 1013 1306 verbo

221 1330 298 1358 nobis
313 1329 430 1356 futurum
442 1328 572 1364 judicium
587 1328 614 1354 in
626 1326 782 1354 memoriam
796 1330 944 1353 revocaret.
962 1325 1012 1352 Ubi

219 1376 291 1404 enim
307 1379 387 1403 testes
402 1378 482 1407 sunt,
506 1373 540 1401 ibi
553 1373 681 1408 judicium
704 1377 731 1400 et
742 1371 885 1400 sententia.
902 1371 1013 1398 Audito-

219 1429 277 1450 rem
296 1429 360 1456 ergo
374 1425 457 1448 terret
472 1420 536 1455 regii
560 1419 629 1446 illius
651 1418 739 1446 throni
759 1418 915 1445 memoriam
939 1416 1012 1444 refri-

219 1476 284 1496 cans
295 1489 302 1502 ,
316 1473 344 1496 et
366 1467 486 1495 indicans
506 1467 554 1493 hos
566 1472 705 1493 sermones
718 1464 754 1491 illi
776 1468 859 1491 testes
873 1463 899 1490 in
911 1462 954 1489 illa
968 1462 1013 1490 die

218 1515 334 1547 loturos,
350 1521 410 1541 cum
427 1512 608 1547 unusquisque
628 1518 718 1538 rerum
741 1518 755 1537 a
771 1517 800 1537 se
815 1513 949 1544 gestarum
960 1529 967 1540 ,
985 1513 1012 1536 ct

217 1569 311 1590 eorum
332 1568 390 1596 quin
405 1559 486 1591 dixit,
502 1563 528 1587 et
549 1566 608 1594 qua:
629 1557 746 1589 audivit,
763 1555 892 1583 rationem
907 1555 1009 1582 reddet.

219 1608 281 1636 llzcc
295 1606 438 1634 audiebant
449 1611 504 1632 tum
518 1604 629 1636 Galaltc,
645 1603 753 1630 audiant
767 1610 832 1630 vero
847 1609 917 1629 nunc
931 1601 1011 1628 etiam

217 1655 261 1690 qui
274 1654 427 1682 Galatarum
444 1651 537 1679 ntorbo
553 1650 684 1683 laborant,
700 1650 750 1676 etsi
766 1657 819 1676 non
834 1648 947 1679 adsunt;
964 1655 1012 1674 ve-

217 1705 366 1728 rumtamen
375 1706 422 1734 per
431 1706 477 1725 vos
485 1697 593 1725 audiant
603 1695 712 1723 Paulum
721 1695 878 1722 clamanteut
887 1701 918 1720 ac
926 1693 1012 1720 dicen-

217 1752 271 1775 tem
284 1746 364 1782 (Ibid.
392 1747 410 1780 ).
421 1744 552 1778 Trsti/icor
560 1741 720 1769 autemomni
729 1739 1011 1768 hominicircuntciden-

217 1793 236 1820 ti
255 1800 292 1825 se,
314 1791 432 1826 quoniam
458 1789 554 1816 debitor
572 1792 607 1815 est
618 1794 743 1814 universo:
756 1785 817 1820 legit
832 1784 1010 1819 adimplenda.

253 1836 416 1865 Circumciaio
430 1840 509 1862 totum
518 1834 611 1869 jugum
622 1833 684 1868 legit
697 1832 815 1866 imponit.
824 1846 859 1851 -—-
868 1830 926 1858 Noli
941 1831 1011 1858 enim

217 1883 283 1911 mihi
297 1882 387 1910 dicere
402 1888 484 1908 unum
509 1878 661 1906 ntandatunt
677 1885 736 1904 esse
758 1877 986 1904 circumcisionem
1004 1885 1010 1903 :

217 1937 299 1956 uuunt
316 1927 379 1955 illud
402 1925 556 1954 mandatum
579 1929 662 1950 totum
679 1923 722 1950 tibi
734 1923 825 1958 jugnm
848 1922 911 1957 legis
926 1922 1013 1956 impo-

217 1975 266 2002 nit.
278 1974 345 2000 Cutn
367 1972 437 2000 enim
454 1979 501 2006 per
515 1977 594 1997 unam
608 1974 707 2004 partem
729 1969 779 1995 sub
799 1968 925 1995 ditionem
949 1967 1013 2002 legis

217 2025 244 2048 te
257 2019 392 2054 subjugas,
409 2024 518 2044 ttccesse
538 2020 578 2043 est
592 2020 621 2042 ut
640 2015 665 2041 in
680 2014 789 2049 reliquis
803 2013 942 2048 imperanti
956 2021 1012 2040 mo-

218 2073 274 2093 rem
289 2072 387 2100 geras:
401 2063 471 2099 quod
496 2062 518 2090 si
543 2069 595 2089 non
616 2060 774 2095 adimpleas.
797 2059 873 2094 plane
888 2067 1012 2086 necessa-

218 2112 287 2140 riunt
302 2116 353 2143 est,
367 2115 395 2137 ut
409 2109 525 2144 puniaris
539 2112 566 2135 ct
582 2106 751 2134 maledictum
768 2106 813 2132 tibi
829 2112 961 2133 accersas.
979 2105 1012 2132 Et

218 2156 440 2195 quemadmodum
451 2163 511 2183 cum
526 2155 551 2181 in
566 2154 687 2189 laqueum
701 2160 792 2187 passer
807 2151 906 2183 incidit,
921 2159 1014 2185 quant-

221 2204 258 2231 tis
271 2203 328 2231 solo
342 2201 409 2238 pede
429 2204 562 2231 teneatur,
579 2203 661 2226 totunt
677 2198 806 2232 reliquutn
822 2204 919 2231 corpus
934 2197 1013 2224 inter-

219 2254 324 2284 cepttuu
338 2252 399 2275 est:
415 2246 449 2273 ita
470 2245 514 2280 qui
539 2252 619 2271 unum
642 2243 795 2270 mandatum
816 2242 880 2277 legis
902 2241 1013 2276 implet,

219 2295 275 2322 sive
298 2291 530 2321 circumcisionem
544 2290 600 2317 sive
619 2288 759 2323 jejunium,
782 2292 863 2315 totant
879 2295 953 2315 suam
968 2296 1015 2323 po-

219 2345 341 2368 testatem
361 2346 409 2374 per
428 2338 480 2365 hoc
501 2344 582 2364 unum
607 2336 632 2362 in
658 2335 742 2370 legem
764 2334 913 2366 transtulit,
930 2342 1015 2370 neque

221 2388 310 2423 lugere
326 2386 439 2421 poterit,
453 2383 579 2419 quamdiu
603 2382 638 2409 illi
654 2382 747 2409 saltent
761 2389 792 2407 ex
810 2385 884 2415 parte
899 2381 1014 2408 voluerit

222 2433 342 2461 obedire.
357 2432 419 2458 Hice
434 2439 448 2457 a
464 2430 540 2456 nobis
552 2428 686 2459 dicuntur,
702 2435 753 2454 non
768 2432 797 2453 ut
810 2426 893 2461 legem
906 2435 1014 2454 accuso-

220 2487 288 2511 nms,
303 2478 383 2508 absit,
403 2476 449 2504 sed
462 2475 532 2511 quod
547 2473 710 2501 abundantes
729 2473 820 2508 gratia:
834 2472 931 2500 Christi
946 2472 1014 2500 divi-

223 2527 272 2553 tias
287 2523 429 2552 ostendere
443 2522 564 2549 relimus.
588 2520 645 2548 Non
668 2519 738 2546 cttim
761 2518 868 2546 Christo
883 2519 1014 2546 contraria

222 2573 266 2599 lex
291 2575 332 2597 est
349 2578 355 2595 :
371 2569 414 2604 qui
430 2567 501 2596 cnint
517 2571 598 2598 esset,
613 2574 672 2592 cum
688 2565 722 2592 ab
742 2565 799 2598 ipso
813 2564 847 2591 sit
868 2564 938 2597 data,
953 2571 1013 2591 cum

220 2617 252 2644 ad
270 2617 354 2651 ipsum
369 2614 444 2650 quasi
460 2613 618 2649 ptcdagngus
633 2619 682 2638 nos
694 2610 794 2638 ducat?
807 2610 854 2638 sed
868 2610 902 2637 ob
917 2610 1014 2637 intent-

222 2664 350 2700 pestiram
363 2670 454 2690 eorum
470 2661 678 2692 contentionem,
693 2659 737 2694 qui
751 2666 781 2686 ea
798 2666 850 2685 non
867 2662 895 2684 ut
909 2661 1014 2692 oportet

223 2713 343 2742 utuntur,
368 2708 425 2735 iure
444 2706 532 2733 omnia
551 2705 640 2733 dicere
664 2705 793 2739 cogimur.
817 2703 856 2731 Illi
869 2703 939 2730 enim
955 2708 1015 2729 sunt

223 2754 267 2788 qui
282 2754 366 2788 legent
381 2752 500 2782 alliciunt
511 2751 681 2783 contutnelia,
696 2750 740 2785 qui
754 2748 877 2777 nimirum
888 2745 968 2776 semel
982 2748 1016 2776 al)

226 2807 258 2825 eo
280 2799 427 2826 desciscere
446 2797 550 2831 jultent,
572 2801 599 2824 ct
620 2795 652 2822 ad
668 2794 802 2822 Christum
825 2793 961 2826 accedere,
986 2801 1016 2820 ac

225 2852 316 2871 rursus
340 2844 375 2870 illi
402 2843 546 2870 adhaerent.
576 2840 793 2876 Quandoquidem
820 2839 961 2875 plurimum
983 2839 1017 2866 de

223 2895 315 2919 natura
333 2895 420 2918 nostin
433 2890 500 2918 IICIlC
517 2889 636 2916 n‘critam
650 2895 707 2916 ese
723 2888 806 2923 legem
828 2887 954 2915 confiteor
968 2893 1016 2922 ego

602 172 630 200 S.
651 170 790 201 JOANNIS
807 168 1044 198 CIIRYSOSTOMI
1064 170 1223 199 ARCIIIEP.
1245 170 1513 200 CONSTANTINOP.

1809 165 1861 194 860

1075 236 1190 264 quoque,
1206 237 1255 258 nec
1281 238 1404 266 umquam
1421 230 1574 266 negaverim
1591 240 1598 258 :
1614 231 1662 261 sed
1672 236 1703 260 tu
1713 232 1760 268 Qui
1772 239 1869 268 praeter

1074 276 1219 311 legitimum
1243 281 1347 312 tempus
1369 278 1406 305 illi
1428 278 1559 312 adltaares,
1584 285 1637 306 non
1659 278 1744 313 sinis,
1768 284 1796 306 ut
1810 280 1868 314 eius

1073 321 1194 349 utilitatis
1219 322 1372 357 magnitudo
1392 320 1529 358 appareat.
1552 322 1618 350 Nam
1642 323 1867 359 quemadmodum

1073 373 1104 394 ea
1119 367 1186 394 solet
1200 375 1259 395 esse
1280 368 1416 403 pmdagogi
1441 368 1498 396 laus
1518 367 1644 402 maxima,
1659 369 1682 396 si
1698 369 1800 403 invenis
1823 370 1868 398 ille

1072 419 1150 446 quem
1175 412 1331 448 paedagogus
1352 413 1420 441 rexit
1442 413 1594 449 aliquando,
1616 413 1649 441 ad
1665 415 1867 449 temperantiam

1072 458 1129 493 ejus
1143 459 1263 486 custodia
1277 466 1329 487 non
1344 459 1458 494 amplius
1467 464 1553 495 egeat,
1567 459 1637 494 quod
1649 460 1763 495 maj0res
1775 459 1868 488 fecerit

1072 505 1099 532 in
1114 505 1210 533 virtute
1222 513 1379 542 progressus
1395 517 1402 533 :
1419 507 1454 534 ita
1467 514 1572 542 quoque
1589 507 1654 542 legis
1668 514 1698 534 ea
1714 507 1773 534 laus
1788 506 1867 535 fuerit

1071 551 1195 584 maxima,
1210 551 1231 578 si
1246 558 1294 579 nos
1306 551 1363 585 ejus
1375 551 1494 579 subsidio
1505 559 1557 578 non
1565 551 1678 587 amplius
1686 559 1820 587 egeamus.
1838 552 1866 579 Id

1071 596 1141 623 eniin
1168 596 1244 624 nobis
1266 595 1396 624 bettelicio
1419 596 1485 631 legis
1508 596 1611 632 obtigit,
1635 602 1664 623 ut
1682 597 1714 623 ad
1736 597 1865 631 majorem

1070 641 1266 675 suscipiendam
1292 641 1484 676 philosophiam
1507 641 1593 676 aptior
1613 642 1700 670 anima
1721 647 1811 669 nostra
1832 643 1866 670 sit

1070 686 1182 713 reddita.
1198 686 1288 722 Itaque
1301 687 1324 714 is
1337 687 1381 722 qui
1395 687 1482 714 adltuc
1496 686 1533 714 illi
1546 687 1663 720 assidet,
1679 695 1766 722 neque
1779 692 1866 722 potest

1069 732 1131 767 quid
1148 732 1232 767 majus
1246 740 1325 767 qttant
1340 740 1400 767 qum
1422 732 1520 768 scripta
1539 737 1602 760 sunt
1620 733 1726 765 intueri,
1742 741 1794 760 non
1809 725 1876 761 ma-r

1068 785 1148 812 gnum
1164 785 1199 804 ex
1214 785 1244 804 ea
1257 782 1386 812 qurestum
1402 777 1475 805 fecit.
1490 778 1523 805 At
1537 786 1587 813 ego
1600 778 1642 805 illa
1653 778 1789 811 derelicta,
1805 786 1862 807 me-

1069 830 1120 856 que
1134 823 1166 849 ad
1189 822 1343 850 sublimiora
1358 822 1456 850 Christi
1471 823 1587 850 eveheus
1599 823 1734 858 dogmata,
1750 825 1866 852 maxime

1069 867 1138 895 illam
1154 875 1251 896 ornare
1267 875 1386 904 possunt,
1398 869 1468 904 quod
1482 877 1525 897 me
1537 869 1616 897 talem
1630 869 1759 902 olfecerit.
1774 875 1802 898 ut
1816 879 1865 906 po—

1069 913 1163 941 tuerim
1185 922 1277 941 eorum
1293 922 1352 949 qua:
1375 914 1474 949 scripta
1499 915 1527 942 in
1548 922 1579 941 ea
1598 919 1676 947 sunt,
1691 915 1864 950 exiguitatem

1067 967 1266 995 supergressus,
1280 961 1312 988 ad
1332 961 1461 988 doctrina:
1486 961 1675 988 sublimitatem
1697 961 1842 990 ascendere
1855 983 1863 996 ,

1066 1013 1125 1042 qua:
1138 1007 1236 1034 Christi
1252 1006 1381 1034 beneﬁcio
1395 1007 1472 1034 nobis
1483 1006 1587 1042 obtigit.

1103 1052 1156 1080 Lex
1171 1053 1313 1081 hominibus
1332 1058 1454 1089 quantum
1474 1054 1605 1089 profuerit.
1620 1069 1655 1074 -—
1667 1054 1778 1081 Multum
1802 1063 1864 1090 pro-

1067 1099 1116 1126 l'uit
1131 1099 1173 1127 lex
1197 1104 1298 1126 natura:
1313 1104 1422 1133 nostra:,
1436 1099 1483 1127 sed
1497 1100 1519 1128 si
1541 1100 1647 1128 sittcere
1661 1108 1711 1128 nos
1729 1100 1762 1128 ad
1789 1101 1864 1128 Chri-

1066 1149 1135 1171 stum
1159 1144 1310 1172 deduxerit.
1331 1145 1435 1180 Alioqui
1460 1145 1486 1173 ιιί
1509 1145 1534 1172 id
1559 1146 1624 1179 ﬁat,
1642 1146 1722 1174 ctiam
1737 1146 1864 1174 damttunt

1066 1189 1163 1221 intulit,
1188 1189 1385 1225 majoribusque
1409 1197 1457 1217 nos
1483 1191 1624 1224 fraudavit,
1640 1191 1702 1218 dum
1726 1191 1864 1220 adltarrcre

1067 1235 1216 1263 minoribus
1229 1235 1301 1267 fecit,
1316 1240 1344 1263 et
1359 1243 1406 1263 nos
1421 1236 1446 1263 in
1460 1235 1607 1264 innumeris
1622 1238 1862 1272 transgressionunt

1065 1280 1219 1308 vulneribus
1240 1281 1326 1308 adltttc
1341 1281 1463 1309 delittuit.
1480 1281 1545 1310 Nam
1565 1283 1588 1310 si
1610 1291 1670 1310 cum
1693 1283 1746 1311 duo
1767 1283 1863 1312 medici

1064 1331 1166 1359 essent,
1179 1335 1247 1354 unus
1263 1327 1406 1361 inlirmior,
1421 1328 1488 1355 alter
1502 1328 1627 1362 validior,
1639 1333 1666 1356 et
1679 1337 1746 1356 unus
1758 1329 1864 1356 adhibi-

1068 1373 1101 1400 tis
1112 1373 1244 1401 ulceribus
1257 1374 1312 1401 suis
1325 1374 1450 1402 remediis
1465 1382 1518 1402 non
1531 1375 1647 1410 potuerit
1661 1379 1790 1410 aegrotum
1812 1375 1863 1403 do-

1065 1418 1123 1446 lore
1134 1426 1168 1446 ex
1182 1418 1232 1446 illis
1249 1424 1308 1446 orto
1324 1419 1482 1447 liberare....
1497 1420 1504 1436 '

1099 1463 1125 1491 5.
1151 1482 1194 1492 ....
1212 1464 1296 1498 frater
1330 1469 1408 1497 tuus,
1436 1465 1549 1499 relinque
1583 1473 1675 1494 manus
1708 1471 1779 1494 tuum
1805 1472 1864 1496 ante

1063 1509 1146 1536 altare
1169 1514 1194 1535 et
1222 1510 1295 1542 vade,
1319 1510 1389 1545 prius
1417 1511 1582 1538 reconciliare
1605 1512 1681 1546 fratri
1695 1517 1749 1545 tuo,
1763 1517 1787 1540 et
1805 1518 1864 1540 tunc

1064 1555 1163 1582 venietis
1182 1554 1245 1588 oﬂ'er
1265 1564 1356 1583 munus
1379 1561 1449 1582 tuum
1473 1556 1580 1592 (Matth.
1605 1557 1632 1584 5.
1656 1557 1703 1586 25.
1723 1559 1779 1593 24).
1805 1559 1861 1586 Non

1064 1600 1148 1632 dixit,
1175 1600 1268 1628 omitte
1291 1600 1469 1634 sacriﬁcium,
1493 1609 1524 1628 ac
1551 1601 1650 1629 deinde
1671 1602 1798 1630 discede:
1813 1605 1861 1631 sed

1064 1645 1248 1681 imperfectum
1270 1654 1379 1674 manere
1405 1647 1546 1682 permitte,
1570 1652 1598 1675 et
1622 1648 1713 1675 abiens
1739 1650 1859 1677 recom-i-

1064 1690 1129 1718 liare
1144 1691 1219 1718 l'ratri
1241 1696 1295 1719 tuo.
1315 1691 1406 1726 Neque
1420 1695 1521 1719 tantum
1538 1693 1588 1720 ltoc
1602 1693 1660 1721 loco
1680 1693 1704 1720 id
1717 1693 1788 1727 fecit,
1813 1695 1861 1722 sed

1063 1741 1090 1765 et
1102 1737 1163 1765 alibi
1178 1745 1280 1765 rursus.
1295 1737 1362 1765 Nam
1376 1738 1398 1766 si
1413 1738 1471 1774 quis
1485 1738 1617 1767 inlidclcm
1633 1740 1726 1767 haheat
1738 1748 1861 1774 uxorem,

1064 1782 1115 1810 hoc
1137 1788 1188 1815 est,
1210 1783 1347 1818 gentilem,
1362 1784 1459 1819 ejicere
1483 1784 1555 1811 illaut
1579 1785 1687 1812 minime
1701 1787 1814 1819 cogitur.
1836 1789 1867 1816 Si

1063 1830 1118 1865 quis
1130 1830 1206 1863 enim,
1217 1830 1311 1866 inquit,
1327 1839 1431 1858 uxorem
1449 1830 1521 1857 habet
1543 1831 1680 1865 inﬁdelem,
1695 1838 1717 1858 et
1731 1833 1784 1859 [nec
1795 1842 1857 1860 con-

1063 1877 1137 1904 sentit
1149 1876 1261 1903 habitare
1272 1885 1330 1904 cum
1349 1876 1405 1909 illo,
1420 1885 1470 1903 non
1485 1876 1594 1903 dimittat
1613 1877 1685 1904 illam
1698 1878 1736 1913 (l.
1759 1879 1818 1906 Cor.
1835 1880 1862 1906 7.

1065 1923 1109 1958 l2)
1123 1931 1129 1954 ;
1146 1923 1167 1949 si
1183 1930 1247 1950 vero
1262 1923 1429 1950 nterctricem
1440 1927 1466 1950 ct
1477 1922 1634 1955 adulteram,
1645 1923 1742 1958 ejicere
1754 1925 1864 1953 minime

1064 1968 1230 2003 prohibetur.
1257 1968 1375 2003 Quisque
1397 1969 1479 1999 enim,
1505 1968 1599 2003 inquit,
1615 1969 1738 1996 dimiserit
1759 1979 1862 1998 tta-orem

1065 2024 1137 2042 suam
1161 2020 1265 2050 excepta
1283 2015 1458 2050 fornicationis
1473 2023 1568 2047 causa,
1584 2016 1646 2051 facit
1663 2025 1718 2044 eam
1743 2018 1861 2044 mire/turi

1066 2061 1209 2096 (.Ilattli.5.
1234 2061 1290 2095 52).
1314 2061 1404 2097 Itaque
1429 2062 1611 2090 fornicationis
1631 2063 1666 2090 ob
1679 2070 1785 2089 causam
1802 2063 1862 2090 licet

1065 2107 1208 2134 dimittere.
1226 2107 1305 2134 Vides
1325 2107 1512 2143 benignitatem
1530 2109 1577 2136 Dei
1591 2117 1623 2136 ac
1643 2108 1860 2136 sollicitudinem.

1066 2153 1094 2180 Si
1109 2154 1216 2189 gentilis
1229 2154 1272 2186 sit,
1286 2153 1381 2188 inquit,
1395 2162 1471 2187 uxor,
1486 2163 1519 2182 ne
1534 2155 1625 2190 ejicias
1642 2164 1648 2182 :
1664 2155 1704 2182 sin
1725 2155 1859 2185 meretrix,

1067 2199 1091 2226 id
1107 2198 1193 2226 facere
1208 2208 1260 2226 non
1276 2199 1413 2234 prohibeo.
1430 2200 1457 2227 Si
1474 2201 1499 2228 iit
1522 2209 1575 2234 me,
1593 2201 1687 2235 inquit,
1711 2201 1788 2236 impia
1803 2201 1859 2227 fne-

1067 2245 1111 2278 rit,
1125 2253 1157 2272 nc
1168 2245 1258 2279 cjicias
1274 2254 1281 2271 :
1295 2247 1317 2273 si
1335 2251 1360 2274 te
1381 2247 1476 2282 injuria
1494 2247 1621 2280 alicccrit,
1637 2256 1716 2276 nemo
1728 2247 1858 2282 prohibet,

1066 2299 1119 2326 qtto
1132 2293 1218 2319 minus
1231 2292 1332 2327 ejicias.
1355 2292 1461 2329 Ergone
1476 2294 1546 2322 Deus
1567 2299 1669 2321 tantum
1685 2294 1759 2321 nobis
1773 2294 1858 2320 hono-

1066 2346 1123 2366 rem
1147 2339 1251 2371 detulit,
1267 2344 1294 2366 et
1308 2347 1357 2367 nos
1370 2340 1442 2367 illum
1459 2340 1514 2375 pari
1530 2340 1604 2367 cultu
1618 2349 1669 2367 non
1684 2339 1859 2373 dignabitnur,

1066 2384 1140 2411 εοιΙει
1163 2385 1261 2412 nostris
1284 2393 1344 2412 cum
1366 2385 1491 2412 uxoribus
1512 2385 1581 2412 aflici
1607 2385 1765 2412 contumelia
1789 2384 1861 2411 sinc-

1068 2438 1127 2457 tttus
1155 2439 1160 2456 :
1191 2430 1270 2465 idque
1295 2439 1354 2458 cum
1385 2432 1528 2458 maximum
1558 2436 1679 2465 paratum
1704 2430 1862 2464 supplicium

1067 2475 1228 2506 noverimus,
1245 2475 1266 2502 si
1291 2475 1403 2502 salutent
1425 2483 1536 2502 uxorum
1561 2475 1778 2510 ttcglexcrititus?
1797 2475 1863 2502 I‘ro-

1067 2527 1156 2557 pterca
1181 2529 1295 2556 namque
1321 2522 1437 2549 mulieris
1460 2526 1486 2549 te
1508 2526 1586 2556 caput
1611 2522 1693 2554 fecit,
1723 2527 1863 2556 propterea

1068 2569 1194 2604 prmccpit
1208 2575 1234 2596 et
1256 2569 1352 2596 Paulus
1367 2578 1373 2595 2
1387 2570 1417 2596 Si
1434 2569 1496 2603 quid
1506 2569 1591 2595 uolunt
1612 2569 1707 2595 discere
1726 2569 1843 2595 mulieres
1853 2589 1861 2600 ,

1067 2616 1136 2642 clomi
1154 2615 1219 2642 viros
1239 2624 1297 2642 suos
1312 2616 1464 2649 interrogent
1478 2616 1516 2649 (l.
1533 2615 1592 2641 Car.
1607 2615 1649 2641 Η.
1667 2615 1713 2646 55)
1730 2623 1735 2640 ;
1752 2620 1780 2641 nt
1794 2619 1863 2641 taut-

1066 2669 1145 2696 quatit
1162 2660 1296 2695 magister,
1311 2665 1338 2687 et
1351 2667 1467 2692 curator,
1483 2668 1513 2687 ac
1535 2661 1674 2694 pnel‘eclns
1688 2659 1720 2687 ad
1738 2660 1863 2694 pietatem

1068 2703 1150 2740 ipsam
1174 2706 1276 2732 incites.
1305 2705 1356 2732 \‘os
1380 2713 1468 2732 autem
1491 2705 1553 2731 dmn
1570 2710 1674 2739 tempus
1697 2705 1817 2732 collecta:
1830 2705 1864 2732 ad

1068 2751 1213 2778 Ecclesium
1237 2751 1338 2782 imitat,
1362 2756 1517 2786 pigritantes
1537 2759 1589 2777 non
1611 2751 1790 2777 excitatismt
1803 2758 1864 2779 eum

1068 2797 1189 2823 diabolus
1199 2797 1231 2823 ad
1246 2797 1322 2824 tubas
1336 2797 1393 2823 illas
1408 2797 1507 2826 invitat,
1524 2802 1645 2831 protnpte
1660 2797 1798 2824 audientes
1810 2804 1864 2824 non

1069 2842 1202 2874 dctinctis,
1227 2842 1272 2869 sed
1290 2842 1430 2876 impietatis
1453 2842 1607 2870 criminibus
1629 2842 1715 2869 sinitis
1730 2841 1855 2875 obligari.

1102 2891 1108 2905 ¹
1123 2892 1211 2914 Desunt
1220 2888 1337 2921 qumdarn.
