2043 3116
211 154 264 182 εςιι

204 214 290 254 ρτίιίιικξ
311 209 342 236 ad
366 210 593 245 intemperantiam
609 217 734 250 pertrahi.
759 219 892 254 Siquidem
912 229 996 248 mere-

210 255 290 281 trices
303 262 334 281 ac
359 256 461 289 molles,
478 263 503 284 et
519 263 588 286 totus
602 263 745 289 orchestra:
759 264 856 292 chorus
876 265 937 292 illuc
950 273 996 292 so-

213 298 248 324 liti
263 304 324 325 sunt
337 307 506 329 concurrere.

246 343 344 370 Anime
357 344 505 374 Iudam-um
527 353 551 374 et
569 348 712 386 Synagogte
731 361 746 378 a
761 354 913 383 dwmonibus
925 366 999 384 occu-

213 394 316 422 panhtr.
329 405 364 410 —
379 391 431 418 Sed
445 393 507 427 quid
521 401 570 429 ego
593 396 788 433 fornicationes,
804 408 862 434 qua:
884 402 936 430 illic
950 404 998 430 ad-

213 434 352 462 mittuntur
375 440 576 466 commemoro?
602 441 657 468 Non
687 443 772 476 times,
790 453 823 472 ne
840 454 855 472 a
878 447 999 475 daemone

213 485 336 516 correpta
355 490 420 510 uxor
434 484 504 511 illinc
519 489 682 515 revertatur?
696 489 752 516 Non
764 491 869 524 audisti,
883 493 907 519 in
919 494 998 528 priori

215 529 325 553 tractatu
349 536 428 562 quam
451 530 521 557 clare
545 531 622 559 fuerit
647 535 767 562 oratione
792 536 999 566 demonstratum

215 570 286 604 ipsas
306 572 408 600 animas
429 574 580 603 .ludzeorum
605 583 632 605 ct
654 578 710 606 loca
735 580 760 607 in
784 581 879 616 quibus
890 590 1001 617 congre-

216 621 310 650 gantur
332 625 347 644 a
378 619 544 648 dternonibns
576 623 708 652 habitari?
733 626 871 659 Quomodo
902 629 999 663 igitur,

215 669 315 696 quaso.
337 663 429 696 audes,
444 666 548 700 agitatis
571 676 630 695 cum
653 670 816 698 daemonibus
836 673 953 708 choreis,
969 675 1000 701 ad

215 708 394 742 apostolorum
410 717 507 739 coetum
524 714 631 742 redire?
645 716 693 750 Qui
710 717 766 744 ﬁeri
781 723 867 753 potest
880 725 916 752 ut,
941 729 1001 748 cum

216 753 328 786 abieris,
353 759 380 782 et
404 763 464 784 cum
488 758 539 786 illis
566 762 816 796 communicaveris,
838 766 882 800 qui
906 765 1000 793 Christi

215 799 370 833 sanguinem
384 801 541 836 effuderunt,
567 813 619 832 non
634 806 742 835 horreas
763 799 863 843 venire,
880 815 906 838 ct
921 819 1002 839 sacrm

216 852 315 872 mensa:
327 849 533 882 communicare,
557 858 588 878 ac
603 853 709 886 pretiosi
723 856 857 889 sanguinis
872 858 1002 892 particeps

217 889 293 915 ﬁeri?
309 890 364 918 Non
379 891 481 926 horres,
502 903 554 922 non
571 897 657 931 times,
674 906 732 926 cum
748 901 807 928 talia
828 903 928 929 scelera
943 911 1003 938 per—

217 936 325 968 patres?
338 936 394 964 Non
409 946 528 968 mensam
541 941 623 976 ipsam
637 947 766 972 rerereris
776 949 788 972 ‘t
802 946 847 974 llis
857 955 906 983 ego
917 936 1002 976 verbis

217 986 265 1007 vos
279 980 429 1016 alloquutus
453 992 522 1019 sum,
538 987 579 1014 Itis
594 996 641 1016 vos
655 989 714 1017 illos
726 996 751 1018 et
768 992 803 1019 illi
825 1000 886 1020 suas
908 1001 1003 1021 uxores

217 1024 385 1071 alloquentor
401 1037 408 1055 :
423 1029 562 1065 «Ediﬁcate
583 1033 646 1060 alter
671 1035 776 1062 alterum
802 1038 839 1071 (1.
864 1037 950 1066 Thess.
975 1039 1001 1066 5,

218 1069 330 1117 ll)._Ae
341 1072 362 1098 si
374 1073 480 1107 quidem
501 1076 535 1103 sit
547 1078 753 1107 catcchumenus
768 1069 860 1116 is,'qui
875 1082 1002 1117 ejusmodi

217 1115 310 1142 morbo
324 1116 435 1150 laborat,
451 1127 465 1146 a
482 1122 610 1150 vestibulo
622 1125 711 1159 templi
728 1115 850 1153 arceatur
865 1136 873 1154 :
887 1115 926 1154 sin
941 1128 1004 1155 iide-

217 1159 248 1185 lis
261 1167 292 1187 ac
314 1164 447 1197 mysteriis
469 1165 596 1200 initiatus,
609 1176 624 1195 a
643 1176 718 1197 sacra
739 1178 828 1198 mensa
852 1172 1001 1206 repellatur.

217 1205 306 1240 Neque
319 1208 389 1234 enim
403 1209 586 1240 exhortatione
606 1221 638 1241 ac
650 1215 762 1242 consilio
781 1205 898 1251 indigent
910 1222 1003 1245 cuncta

218 1256 334 1285 peccata,
355 1254 401 1281 sed
423 1261 484 1282 sunt
497 1264 556 1291 qtae
579 1258 652 1286 brevi
666 1265 692 1287 et
706 1260 843 1288 celerrima
864 1262 949 1289 solent
962 1270 1006 1290 se-

217 1296 304 1323 ctione
319 1300 415 1326 curari.
431 1301 463 1328 Et
485 1304 705 1336 quemadmodum
728 1306 797 1334 inter
810 1307 929 1340 vulnera,
945 1315 1004 1342 quze

218 1341 393 1370 tolerabiliora
419 1350 488 1378 sant,
507 1347 650 1376 lenioribus
668 1350 764 1378 cedunt
784 1341 1001 1386 medicamentis,

217 1394 275 1420 qua:
291 1395 351 1415 vero
365 1391 507 1423 putrefacta
523 1399 583 1420 sunt
597 1399 624 1422 et
637 1395 799 1430 incurabilia,
817 1405 928 1432 qumque
941 1398 1004 1425 reli-

560 157 592 184 ΙΝ
611 158 673 186 EOS
693 159 748 194 QUI
770 161 900 189 PASCIIA
920 161 1100 192 JEJUNANT.
1121 165 1299 193 ADVERSUS
1318 166 1388 194 δυο.
1411 167 1453 193 lll.

1781 181 1834 206 8H

1049 231 1128 257 quum
1151 232 1247 259 corpus
1260 225 1446 259 depascuntur,
1460 227 1579 255 acumine
1595 228 1656 255 ferri
1678 228 1835 264 flammaque

1049 269 1166 303 indigent
1182 279 1188 296 :
1202 269 1241 297 sic
1254 271 1376 298 nimirum
1389 276 1415 298 et
1427 272 1495 299 intcr
1506 277 1623 306 peccata,
1639 281 1700 308 (rga
1716 274 1834 308 qua‘dam

1050 314 1183 348 prolixiori
1198 315 1381 343 cohortatione
1403 324 1469 351 opus
1491 322 1542 348 est,
1568 323 1662 345 cmtera
1685 319 1844 348 durioribus.

1049 363 1111 385 sunt
1133 360 1382 393 reprehensionibus
1405 362 1565 396 castiganda.
1589 363 1729 397 Propterea
1757 363 1836 397 jussit

1049 412 1154 439 quoque
1167 405 1260 432 Paulus
1276 414 1327 432 non
1342 407 1367 433 in
1383 408 1504 434 omnibus
1524 408 1704 434 cohortatione
1726 408 1773 441 uti,
1788 408 1835 434 sed

1051 453 1078 476 et
1102 449 1238 483 increpare
1250 450 1325 482 dure,
1346 451 1384 477 sic
1397 452 1488 478 dicens
1503 461 1509 478 :
1526 452 1607 485 Quam
1630 452 1659 478 ob
1675 461 1777 479 causam
1797 453 1837 479 in-

1051 502 1125 528 crepo
1146 495 1203 521 illos
1220 495 1282 522 dure
1301 496 1362 530 (Tit.
1380 497 1405 522 1.
1430 496 1482 531 15).
1500 496 1664 531 lucrcpemus
1687 498 1763 531 igitur
1778 497 1836 524 illos

1049 539 1103 574 jam
1117 539 1193 572 dure,
1206 545 1234 566 ut
1247 549 1305 567 crint
1320 541 1352 567 ob
1365 541 1449 575 priora
1459 541 1554 568 fuerint
1568 542 1667 576 pudore
1681 542 1782 574 sutl'usi,
1792 549 1836 568 se-

1052 592 1102 618 que
1127 584 1197 618 ipsos
1221 585 1430 615 condemnarint,
1447 594 1498 612 non
1518 586 1629 620 amplius
1650 585 1835 612 detrimentum
1881 603 1884 606 -

1053 636 1082 654 ex
1099 627 1178 662 iniqui
1197 629 1286 663 jejunii
1301 629 1483 657 observatione
1506 631 1646 664 patiantur.
1663 630 1732 663 Qttas
1747 631 1780 656 ob
1795 638 1836 656 res

1053 682 1102 708 ego
1125 683 1229 709 quoque
1242 683 1255 701 ει
1269 676 1451 703 cohortatione
1471 676 1595 710 deinceps
1615 676 1748 702 abstinens
1764 675 1828 702 obte

1053 725 1109 745 stor
1135 725 1161 746 et
1184 720 1279 752 clamo,
1305 720 1335 747 Si
1356 721 1410 754 quis
1433 729 1482 747 non
1502 725 1569 746 aniat
1593 720 1728 747 Dominum
1750 720 1836 747 Jesum

1053 764 1187 796 Christum,
1210 765 1242 792 sit
1256 765 1388 792 anathema
1407 766 1443 800 (l.
1465 765 1523 792 Cor.
1537 765 1647 802 16.22):
1664 773 1776 799 quonam
1790 772 1837 791 au-

1055 815 1107 837 tem
1124 811 1217 844 majori
1231 817 1386 846 argumento
1401 819 1415 838 a
1429 819 1457 839 se
1472 820 1522 839 non
1536 813 1618 839 amari
1637 813 1772 839 Dominum
1788 819 1835 846 po-

1055 860 1106 882 test
1128 856 1196 882 ullus
1210 856 1360 888 ostendere,
1377 864 1454 890 quam
1469 857 1490 884 si
1506 857 1578 884 festis
1598 857 1700 884 illorum
1716 864 1835 884 commu—

1055 900 1133 931 nicet,
1149 908 1164 927 a
1178 908 1229 935 quo
1248 901 1292 928 ille
1306 900 1354 927 fuit
1365 901 1486 928 occisus?
1506 902 1559 929 llos
1580 909 1631 928 non
1651 910 1700 937 ego
1719 902 1836 936 percussi

1054 945 1232 978 anathemate,
1247 946 1293 973 sed
1308 946 1405 973 Paulus
1422 955 1428 972 :
1445 947 1498 973 into
1513 955 1575 973 vero
1597 954 1649 973 non
1662 947 1715 981 jam
1730 947 1834 979 Paulus,

1054 990 1101 1017 sed
1120 990 1248 1023 Christus,
1265 992 1307 1025 qui
1323 999 1370 1025 per
1383 991 1454 1018 illum
1469 991 1592 1026 loquitur,
1608 996 1634 1018 et
1648 993 1673 1018 in
1687 991 1837 1026 prmceden~

1056 1037 1124 1063 libus
1139 1035 1213 1068 dixit,
1230 1036 1353 1069 Quoniam
1368 1037 1410 1071 qui
1423 1037 1448 1063 in
1461 1036 1513 1072 lege
1524 1037 1706 1071 jttstiﬁcantur,
1723 1045 1738 1062 a
1756 1037 1838 1071 gratia

1055 1081 1199 1107 exciderunt
1226 1080 1294 1115 (Gul.
1324 1081 1350 1108 5.
1376 1081 1415 1116 4).
1431 1080 1493 1108 "me
1517 1081 1568 1108 illis
1597 1081 1675 1108 verba
1702 1081 1789 1114 dicite,
1806 1089 1837 1108 ac

1054 1127 1200 1154 sententias
1227 1127 1276 1153 illis
1302 1127 1420 1157 recitato,
1445 1133 1557 1160 cumque
1572 1126 1643 1152 omni
1669 1134 1728 1153 cum
1750 1125 1837 1152 studio

1055 1179 1086 1199 ac
1099 1171 1231 1206 diligentia
1247 1172 1332 1198 Salvos
1345 1179 1390 1198 eos
1403 1171 1518 1198 feceritis
1529 1175 1555 1198 et
1567 1179 1600 1197 ex
1615 1170 1709 1197 diaboli
1722 1170 1837 1196 faucibus

1055 1217 1214 1252 eripueritis,
1238 1217 1263 1243 in
1278 1217 1321 1244 die
1340 1216 1431 1253 jejunii
1455 1216 1530 1243 nobis
1544 1215 1673 1247 adducite,
1691 1219 1718 1242 ut
1737 1219 1762 1241 et
1778 1222 1838 1248 pro-

1055 1263 1128 1290 missi
1156 1262 1283 1297 reliquam
1313 1267 1413 1296 partem
1444 1265 1598 1296 praestantes
1632 1268 1684 1287 uno
1707 1267 1837 1286 c0nsensu

1055 1315 1161 1342 unoque
1175 1315 1221 1334 ore
1234 1315 1293 1334 ctttn
1306 1307 1430 1334 fratribus
1443 1307 1541 1333 nostris
1552 1305 1727 1340 glorificamus
1741 1305 1837 1337 Deum,

1056 1358 1083 1380 et
1097 1353 1201 1380 Patrem
1224 1352 1327 1379 Domini
1344 1352 1426 1379 nostri
1441 1351 1505 1379 Iesu
1527 1351 1635 1384 Christi,
1651 1351 1774 1385 quoniam
1790 1350 1837 1384 ipsi

1055 1398 1136 1433 gloria
1152 1398 1177 1424 in
1195 1398 1300 1425 saecula.
1318 1398 1413 1425 Amen.

219 1452 1838 1471 _n~§‘*___—________

648 1500 689 1531 ΙΝ
709 1501 783 1532 EOS
796 1502 863 1539 QUI
883 1501 1006 1532 PRIMO
1026 1501 1179 1532 PASCHA
1199 1501 1404 1532 JEJUNANT.

496 1616 593 1638 οιιλτιο
612 1619 719 1640 TERTIA.

256 1651 280 1678 ί.
296 1651 397 1680 Rursus
417 1656 593 1684 necessarium
609 1658 739 1692 quoddam
757 1666 783 1687 ct
804 1669 900 1695 urgens
917 1669 999 1697 nego-

221 1697 285 1723 tium
298 1705 401 1729 eorum,
413 1707 472 1734 quae
487 1709 570 1736 nuper
584 1703 651 1730 dicta
666 1709 736 1737 sunt,
748 1706 845 1733 seriem
860 1707 1000 1734 interrum-

219 1749 284 1776 pens
305 1743 338 1770 ad
353 1745 467 1780 seipsum
482 1748 628 1775 orationem
648 1750 774 1782 traducit,
793 1755 819 1778 et
840 1760 854 1778 a
874 1754 1001 1787 susceptis

219 1795 279 1813 cum
294 1788 424 1817 luereticis
444 1793 631 1820 certaminibus
653 1794 730 1822 hodie
745 1804 792 1823 nos
805 1798 920 1825 abducit.
936 1799 1000 1826 Nam

221 1840 269 1859 nos
284 1834 389 1868 quidem
414 1844 505 1863 rursus
527 1837 559 1865 de
574 1838 710 1874 Unigeniti
723 1841 805 1875 gloria
821 1843 898 1870 verba
915 1844 1002 1872 facere

219 1879 251 1904 ad
267 1880 402 1907 caritatem
419 1889 530 1909 vestram
546 1885 627 1917 parati
641 1894 746 1913 eramus
759 1896 766 1913 :
781 1888 826 1915 sed
848 1896 939 1916 eorutn
958 1891 1001 1925 qui

221 1925 306 1957 primo
329 1926 427 1953 Pascha
447 1928 567 1962 jejunant
586 1931 732 1965 importuna
755 1934 888 1960 contentio
902 1935 1002 1962 doctri-

222 1977 281 1995 nam
296 1977 401 1998 ornnem
416 1978 532 2000 nostram
548 1976 616 2010 cogit
629 1976 758 2004 hodierno
772 1979 813 2004 die
830 1984 910 2006 totam
925 1981 949 2007 in
964 1981 1002 2008 ris

220 2015 343 2043 curandis
359 2019 491 2052 occupari.
515 2019 578 2046 Nam
595 2026 621 2047 et
642 2021 724 2048 bonus
741 2028 830 2057 pastor
851 2033 902 2051 non
927 2025 1002 2060 lupos

220 2061 302 2096 abigit
316 2063 418 2096 soluat,
434 2065 480 2092 sed
496 2070 522 2091 et
545 2067 656 2099 pecudes
672 2074 830 2103 aegrotantes
849 2079 907 2096 curn
930 2072 1001 2098 onmi

221 2107 398 2136 sollicitudine
417 2116 512 2138 curat:
529 2113 591 2147 quid
611 2114 680 2140 enim
703 2115 825 2149 prodest,
843 2117 911 2151 quod
932 2117 1000 2144 fera-

221 2159 278 2178 rum
292 2160 337 2180 ora
352 2162 444 2189 greges
459 2156 573 2190 evitent,
589 2157 611 2184 si
634 2159 733 2186 morbis
755 2161 865 2188 confecti
886 2163 1001 2188 morian~

222 2198 285 2224 tur?
299 2198 342 2225 Sic
357 2205 384 2226 et
399 2201 513 2234 optimus
529 2201 670 2236 imperator
685 2212 736 2231 non
752 2205 886 2232 machinas
902 2211 1001 2234 tantum

222 2245 368 2278 propulsat,
381 2245 426 2272 sed
439 2251 514 2273 antea
528 2247 657 2275 seditione
670 2254 826 2277 commotam
839 2251 928 2278 urbem
941 2259 1001 2279 cum

221 2288 306 2323 seipsa
322 2290 483 2322 reconciliat,
500 2299 559 2318 cum
575 2295 656 2327 probe
672 2295 771 2321 noverit
787 2296 850 2322 nihil
866 2301 1002 2324 externam

222 2335 356 2362 Victoriam
381 2337 562 2370 profuturam,
586 2340 709 2373 quamdiu
733 2341 803 2368 intus
826 2342 910 2369 civilia
935 2343 1002 2370 bella

223 2383 422 2413 permanserint.
450 2383 480 2410 Ut
504 2389 590 2411 antem
614 2386 741 2420 intelligas
762 2387 794 2414 ad
819 2389 952 2416 interitum
973 2397 1003 2417 ac

225 2427 365 2460 perniciem
382 2429 447 2456 nihil
463 2437 536 2465 atque
550 2439 580 2458 ac
594 2433 749 2460 seditionem
763 2439 790 2460 et
808 2436 1003 2462 contentionem

223 2472 323 2504 valere,
340 2474 398 2501 andi
415 2476 475 2509 quid
492 2476 611 2504 Christus
623 2477 693 2504 dicat
709 2487 715 2505 ε
729 2478 840 2514 Regnum
855 2481 881 2507 in
895 2481 1004 2514 seipsum

223 2519 328 2546 divisum
338 2528 387 2547 non
399 2521 471 2548 stabit
482 2522 586 2555 (Matt/1.
599 2524 641 2550 1'2.
654 2523 711 2559 25).
725 2525 839 2551 Tametsi
850 2526 911 2560 quid
923 2534 1003 2560 regno

224 2565 371 2598 potentius,
396 2566 439 2592 ubi
464 2568 631 2600 pct-uniarum
656 2575 812 2603 proVentus,
835 2575 862 2597 et
884 2578 956 2598 arma
979 2577 1006 2598 ct

224 2610 289 2636 muri
310 2616 336 2637 et
352 2614 544 2646 propugnacula
564 2618 591 2640 et
613 2619 699 2642 tantus
714 2616 824 2642 militum
839 2624 964 2643 numerus
978 2622 1005 2644 et

224 2655 282 2689 equi
305 2660 331 2681 et
349 2656 398 2682 alia
423 2657 558 2685 innumera
571 2679 578 2690 ,
600 2667 657 2693 qtne
680 2661 773 2687 multas
788 2661 858 2688 vires
878 2662 1004 2695 suppedi-

224 2703 299 2728 tant?
316 2702 497 2730 Verumtamen
518 2709 587 2732 tanta
604 2707 717 2739 potentia
732 2707 871 2741 dissipatur
883 2715 944 2734 cum
960 2716 1005 2741 per

223 2747 358 2774 dissidinm
375 2748 400 2775 in
416 2749 529 2782 scipsam
550 2751 669 2786 insurgit.
692 2752 761 2779 Nibil
778 2753 845 2779 enim
869 2753 1005 2780 imbecilli—

225 2798 304 2820 tatem
317 2793 383 2820 adeo
399 2801 492 2829 parare
505 2795 582 2826 solet.
598 2802 625 2823 ut
638 2797 691 2823 rixa
707 2802 733 2824 et
747 2798 880 2824 contentio
893 2807 898 2824 :
913 2806 1005 2832 queat-

225 2839 364 2866 admodam
380 2839 443 2866 nihil
459 2839 524 2867 adeo
535 2841 602 2868 vires
618 2842 644 2866 et
657 2843 809 2877 potentiam,
824 2850 853 2870 ac
869 2842 963 2870 caritas
979 2847 1004 2870 ct

1053 1617 1205 1645 concordia.
1228 1616 1302 1650 Quod
1317 1624 1376 1643 cum
1399 1615 1555 1651 intelligeret
1577 1615 1703 1643 Salomon
1723 1615 1836 1649 diccbat,

1054 1662 1146 1689 Frater
1157 1662 1200 1697 qui
1213 1662 1349 1695 adiuvatur
1365 1669 1382 1687 α
1396 1662 1474 1695 fratre
1484 1681 1491 1693 ,
1513 1661 1584 1696 quasi
1598 1662 1683 1688 civitas
1699 1660 1772 1694 ﬁrma
1783 1681 1790 1692 ,
1814 1666 1838 1687 et

1053 1709 1167 1735 clausum
1180 1712 1244 1734 recte
1257 1715 1359 1742 regnum
1375 1707 1463 1742 (Prov.
1476 1707 1518 1734 i8.
1531 1707 1586 1742 i9).
1603 1706 1682 1733 Vides
1694 1711 1790 1741 quanta
1803 1707 1838 1733 sit

1053 1756 1093 1781 vis
1107 1754 1277 1781 concorditc‘t
1291 1758 1417 1788 quantum
1430 1753 1608 1780 contentionis
1628 1753 1837 1780 detrimentum?

1054 1800 1173 1835 Regnum
1195 1800 1325 1826 seditione
1347 1799 1458 1826 divisum
1479 1799 1646 1830 dissolvitur.
1669 1799 1721 1826 duo
1734 1807 1796 1826 vero
1810 1801 1837 1826 in

1054 1853 1134 1871 tnnnn
1155 1845 1237 1879 juncti
1259 1849 1286 1872 et.
1305 1845 1372 1872 inter
1394 1852 1423 1871 sc
1437 1844 1551 1872 devincti
1567 1846 1649 1879 magis
1661 1852 1739 1879 quam
1755 1845 1835 1871 ullutn

1056 1891 1278 1924 priqingnacnlnm
1292 1894 1353 1916 sunt
1375 1889 1575 1924 insuperabile-5.
1591 1891 1629 1916 Att
1641 1891 1696 1916 scio
1716 1889 1838 1924 equidem

1056 1943 1102 1969 per
1116 1935 1160 1961 Dei
1175 1935 1285 1969 gratiam
1300 1935 1427 1968 potiorem
1442 1935 1520 1968 hujus
1532 1934 1618 1969 gregis
1631 1939 1732 1969 partem
1746 1934 1778 1960 ab
1789 1934 1839 1961 hac

1054 1979 1209 2012 a-gritudiue
1223 1979 1364 2005 immunem
1379 1986 1448 2010 esse,
1469 1983 1495 2006 ct.
1514 1987 1612 2014 paucos
1627 1980 1746 2006 morbum
1763 1980 1835 2006 inva-

1055 2025 1130 2053 εῖδει).
1147 2032 1198 2050 non
1213 2029 1299 2050 tamen
1314 2024 1412 2051 idcirco
1425 2029 1463 2051 est
1478 2025 1579 2051 curatio
1594 2025 1757 2059 negligenda.
1771 2025 1836 2052 Nam

1058 2070 1103 2098 etsi
1115 2069 1206 2096 decem
1223 2074 1333 2102 tantum,
1356 2070 1404 2097 etsi
1418 2071 1542 2105 quinque,
1560 2071 1607 2096 etsi
1622 2071 1685 2103 duo,
1707 2071 1755 2097 etsi
1771 2079 1839 2098 unus

1055 2120 1156 2141 tantum
1173 2119 1242 2142 eswt
1258 2120 1380 2149 aegrotus,
1406 2122 1438 2142 ne
1459 2115 1497 2142 sic
1517 2116 1621 2150 quidem
1645 2116 1738 2150 negligi
1757 2124 1837 2150 opor—

1056 2165 1131 2187 teret.
1145 2161 1218 2187 Licet
1231 2161 1301 2188 enim
1315 2161 1356 2187 vel
1370 2169 1436 2187 unus
1451 2161 1482 2187 sit
1498 2161 1556 2187 vilis
1571 2166 1596 2186 et
1610 2161 1741 2194 abjccltts,
1759 2161 1838 2188 frater

1055 2210 1142 2233 tatnen
1166 2210 1206 2233 est
1229 2211 1336 2240 propter
1357 2214 1435 2240 quem
1459 2210 1578 2232 tuortuus
1601 2212 1640 2232 est
1654 2205 1792 2238 Christus,
1811 2210 1838 2233 et

1054 2258 1176 2284 magnam
1192 2250 1281 2277 vilium
1303 2250 1430 2277 rationem
1445 2249 1522 2277 liabet
1537 2250 1666 2277 Christus.
1686 2251 1838 2285 Quicumque

1054 2295 1270 2328 scandalizaverit,
1288 2295 1385 2329 inquit,
1400 2303 1478 2321 unum
1492 2294 1523 2321 de
1537 2295 1634 2329 pusillis
1649 2295 1716 2327 ῐίιίε,
1739 2295 1838 2329 expedit

1055 2341 1086 2374 ei,
1099 2346 1125 2367 ut
1137 2341 1303 2375 impendatur
1317 2341 1383 2366 mola
1396 2340 1507 2366 asinaria
1519 2340 1545 2366 in
1555 2340 1620 2366 collo
1631 2340 1686 2374 ejus
1708 2345 1729 2366 et
1743 2339 1837 2366 denter-

1055 2392 1128 2422 gatur
1143 2388 1168 2413 in
1182 2395 1250 2413 mare
1264 2386 1368 2422 (Matt/1.
1383 2386 1424 2413 18.
1436 2386 1463 2421 6)
1476 2395 1482 2410 :
1495 2389 1522 2412 et
1536 2393 1635 2415 rursus,
1651 2385 1775 2417 Quamdiu
1786 2393 1838 2411 non

1055 2434 1147 2468 fecistis
1166 2434 1208 2459 uni
1231 2434 1261 2459 de
1275 2433 1409 2459 minoribus
1424 2432 1473 2464 Ιιὶι,
1497 2440 1540 2458 nec
1564 2432 1624 2457 milii
1648 2431 1740 2464 fecistis
1772 2430 1836 2465 (Id.

1055 2480 1098 2507 25.
1114 2479 1167 2514 45)
1182 2487 1188 2505 :
1203 2483 1229 2506 et
1243 2487 1333 2505 rursus
1343 2499 1350 2509 ,
1367 2478 1424 2504 Non
1439 2482 1475 2504 est
1492 2477 1604 2503 voluntas
1613 2480 1672 2502 ante
1682 2477 1782 2504 Patrem
1795 2484 1837 2502 tic-

1057 2531 1145 2556 strum,
1158 2525 1199 2555 qui
1215 2525 1240 2551 in
1255 2525 1322 2551 cwlis
1337 2528 1370 2550 est
1382 2544 1389 2555 ,
1409 2528 1435 2549 ut
1452 2527 1534 2556 pereat
1547 2531 1610 2548 unus
1625 2522 1655 2548 de
1668 2522 1765 2556 pusillis
1784 2522 1838 2547 istis

1057 2570 1117 2605 (Id.
1146 2571 1188 2597 18.
1214 2570 1269 2603 14).
1292 2570 1386 2596 Annuit
1414 2569 1492 2602 igitur
1516 2567 1657 2594 absurdtttn
1674 2572 1724 2596 est,
1739 2566 1761 2592 si
1778 2574 1837 2592 curn

1055 2616 1176 2643 Christus
1190 2615 1341 2649 pusillorum
1355 2618 1453 2640 tantatn
1465 2620 1554 2639 curam
1567 2616 1649 2646 gerit,
1663 2618 1711 2637 nos
1724 2618 1770 2637 eos
1785 2617 1838 2644 pra:

1056 2661 1155 2687 desidia
1165 2658 1383 2686 Contemnamus?
1394 2657 1451 2684 Noli
1466 2658 1516 2683 hoc
1527 2656 1625 2687 dicere,
1638 2663 1704 2682 unus
1716 2660 1766 2686 est,
1778 2654 1837 2687 sed,

1057 2713 1124 2732 unus
1146 2708 1312 2737 contemptus
1328 2703 1447 2729 morbum
1471 2701 1631 2728 transmittet
1650 2700 1682 2726 ad
1704 2704 1837 2726 caeteros:

1057 2750 1184 2777 Modicum
1199 2749 1263 2774 enim
1279 2751 1442 2783 fermenttun,
1459 2747 1540 2781 inquit
1551 2767 1558 2778 ,
1573 2751 1649 2772 totum
1663 2753 1769 2772 massam
1783 2746 1837 2779 [er-

1057 2799 1148 2822 mentat
1162 2794 1231 2829 (Gal.
1243 2795 1268 2821 5.
1282 2793 1320 2828 9).
1333 2794 1418 2827 Atque
1433 2792 1482 2819 hoc
1496 2796 1538 2818 est
1559 2790 1629 2826 quod
1647 2791 1734 2817 omnia
1754 2792 1843 2823 perdit

1056 2849 1086 2869 ac
1108 2840 1238 2873 destruit,
1262 2839 1330 2874 quod
1353 2838 1461 2873 pusillos
1483 2844 1677 2873 aspernemur:
1701 2840 1838 2870 preptcrea
