2043 3116
191 155 204 167 ί

201 192 252 219 867

198 243 301 269 dierum
315 238 499 267 observatione
511 235 647 264 liberavit.
673 233 729 261 Non
753 230 824 258 enim
840 228 909 256 idem
925 230 986 253 sunt

201 286 300 314 Pascha
321 291 347 313 et
370 283 574 318 Qnadragesmta
595 279 661 306 :sed
686 277 755 304 aliud
781 274 891 306 Pascha,
915 271 986 299 aliud

200 331 406 367 Quadragesima
418 339 424 356 :
439 323 778 362 siquidemQuadragesima
787 320 870 348 semel
880 320 905 346 in
919 325 988 344 anno

203 380 241 410 ﬁt.
259 378 357 405 Pascha
374 377 410 411 (ιι)
422 382 483 401 vero
497 379 536 401 Ier
550 374 576 399 iu
592 369 753 398 lieb.lomada
767 389 774 401 ,
791 372 988 400 nonnumquam

201 425 282 452 etiam
294 426 396 457 quater.
408 420 448 446 vel
465 419 552 453 potius
564 417 782 452 quotiescumque
796 413 927 439 volumus.
942 410 990 437 Est

202 469 272 496 enim
282 467 382 495 Pascha
393 473 444 492 non
454 464 595 498 jejunium,
605 461 651 488 sed
661 460 771 490 oblatio,
781 462 808 485 et
817 455 988 487 sacriﬁcium,

202 514 271 549 quod
289 514 313 540 in
329 512 439 545 singulis
453 511 480 536 lit
493 509 621 535 collectis.
638 507 692 534 lluc
706 509 793 532 autem
809 504 842 530 ita
858 500 990 533 CSSP,CUI'

203 561 254 594 Iige
265 567 297 586 ex
313 558 354 585 his
365 556 438 584 Pauli
453 555 550 586 verbis,
566 553 665 580 Pascha
675 556 786 578 nostrum
800 558 845 584 pro
860 548 930 574 nobis
944 547 992 573 im-

204 609 312 633 molatus
324 609 359 631 est
372 603 485 630 Clu-talus
507 602 544 637 (l.
564 600 621 627 Cor.
642 600 667 627 5.
681 599 721 633 7).
742 602 765 624 et
785 596 993 629 Quotiescumque

204 650 386 677 manducaLt'tis
410 657 499 684 panem
522 647 596 675 hunc.
619 650 642 671 et
658 645 760 671 culicem
779 641 874 673 bibatis,
888 644 992 666 mortem

208 697 308 723 Domini
332 694 512 722 momniiuliitir
537 692 589 727 (Ib.
616 691 659 718 ll.
680 690 737 724 26).
764 687 852 722 Itaque
874 685 992 720 quoties—

205 749 318 776 ctnnqtte
337 748 396 767 cum
412 739 572 767 Conseientia
588 736 683 764 munda
699 733 813 765 accedis,
831 731 930 759 Pascha
951 737 994 756 ce-

207 789 304 820 lebras,
322 795 373 814 non
388 785 493 820 quando
506 785 619 818 jejunus,
635 781 681 809 Sed
704 779 810 815 quando
824 776 945 804 sacriﬁcii
961 776 992 802 il-

207 834 256 860 lius
268 833 298 859 lis
307 832 447 867 particeps.
459 830 666 863 Quotiescumque
679 826 742 852 enim
756 823 939 850 mauducnbitis
950 830 995 854 pu-

209 889 264 907 uem
280 881 356 908 hunc.
368 883 390 905 et
404 878 506 904 calicem
522 876 615 906 bibens,
631 878 734 900 mortem
749 871 849 898 Domini
859 869 995 896 annuntia-

208 926 274 952 bitis.
291 924 389 952 Pascha
407 931 470 950 vero
493 928 531 948 est
549 925 660 948 mortem
675 917 841 945 annuutiare.
859 915 922 941 Nam
936 921 995 948 qua:

210 971 287 997 hodie
300 970 327 996 lit
341 970 384 996 obl
395 969 449 998 .tio.
466 974 577 1002 qumque
600 965 724 992 he~terno
736 963 779 989 die
800 961 930 988 celebrata
943 963 994 990 est,

210 1022 235 1043 et
250 1024 309 1050 qn;e
323 1014 433 1049 singulis
446 1013 548 1043 diebus,
562 1011 655 1038 similis
669 1013 709 1036 est
731 1014 756 1035 et
777 1007 868 1034 cadent
882 1013 941 1032 cum
953 1012 995 1037 ea,

210 1071 269 1097 qn:e
284 1062 326 1089 die
341 1061 381 1088 illa
402 1060 502 1087 sabbati
518 1062 583 1085 taeta
600 1063 649 1089 est,
661 1062 686 1083 et
702 1056 783 1082 nihilo
799 1054 845 1080 luit
860 1054 901 1080 illa
915 1059 997 1078 velte-

213 1108 320 1135 rabilior
331 1107 390 1137 ista,
408 1114 491 1139 neque
505 1106 581 1131 vilior
594 1105 649 1130 ha-c
661 1111 738 1137 quam
754 1101 808 1132 illa,
823 1099 868 1127 sed
883 1106 932 1126 una
949 1105 998 1124 ea-

211 1153 325 1187 dctnqtte
336 1153 433 1185 pariter
447 1149 581 1177 tremenda
598 1153 623 1175 ct
636 1147 767 1174 salutaris.

247 1198 298 1225 Cur
309 1206 351 1231 per
365 1197 398 1224 40
409 1197 461 1222 dies
468 1196 648 1231 jejunelur.——
660 1194 742 1226 Quam
760 1191 838 1226 igitur
848 1190 882 1217 ob
891 1196 998 1217 causam

212 1244 372 1278 jejunanins,
399 1242 492 1276 inquit,
518 1249 564 1275 per
586 1239 633 1266 hos
653 1239 708 1265 dies
722 1235 913 1273 quadraginta?
926 1233 998 1261 Multi

214 1287 344 1322 quondam
369 1291 467 1313 temere
485 1293 515 1312 ac
530 1285 587 1312 sine
600 1284 709 1319 judicio,
730 1282 859 1316 Ira-cipue
873 1287 936 1307 vero
950 1279 1000 1305 hoc

214 1340 333 1368 tetnpore
349 1341 400 1368 quo
414 1332 533 1359 Christus
554 1339 583 1357 (-a
605 1330 723 1360 tradidit,
738 1329 770 1355 ad
786 1335 860 1355 sacra
875 1325 999 1361 mysteria

212 1379 382 1406 accedebant.
397 1379 462 1405 Cum
476 1377 555 1411 ἰέίιιιι·
569 1376 744 1410 intelligerent
759 1374 859 1405 Patres,
873 1375 1000 1408 quantum

216 1434 248 1452 ex
263 1425 404 1452 temerario
428 1431 536 1450 accessu
562 1421 712 1449 detrimenti
733 1424 880 1454 caperetur,
905 1425 1001 1444 conve-

214 1472 316 1498 nientes
337 1470 510 1505 quadraginta
534 1469 591 1495 dies
604 1466 707 1502 jejuuii,
723 1473 842 1501 precum,
859 1462 1002 1491 auditionis

213 1517 287 1544 verbi
303 1517 358 1550 Dei,
375 1522 400 1543 et
415 1521 591 1543 comentnnm
604 1514 787 1548 designarnnt,
803 1516 831 1538 ut
845 1512 870 1538 iit
890 1510 930 1537 his
945 1510 1002 1536 die-

215 1565 264 1591 lms
277 1571 369 1590 omnes
384 1570 430 1597 per
452 1569 554 1596 preces,
573 1569 619 1594 per
640 1559 848 1594 clcemosynam,
865 1564 912 1591 per
929 1555 1002 1590 jeju-

215 1611 297 1641 nium,
313 1617 359 1643 per
373 1608 482 1641 vigilias,
499 1615 544 1641 per
557 1606 697 1640 lacrymas,
709 1612 754 1638 prr
764 1602 958 1630 confessionem
972 1607 1003 1627 ac

216 1663 263 1690 per
277 1659 372 1681 Cil‘icl'a
385 1654 471 1679 omnia
487 1653 625 1686 diligenter
646 1649 793 1684 cxpnrgati,
815 1648 848 1674 ita
863 1655 910 1681 pro
925 1650 1003 1680 captu

215 1705 306 1727 nostro
326 1707 384 1725 cutn
407 1698 565 1724 conscientia
583 1704 645 1731 pura
667 1697 832 1722 :|('C0‘.l:|tlll|S.
850 1694 930 1720 Porro
945 1691 1002 1718 illos

217 1746 266 1772 hac
280 1752 326 1772 sua
343 1744 568 1770 cmuh-scensione
594 1749 716 1775 magnum
733 1739 794 1772 quid
820 1743 847 1765 et
869 1738 1001 1772 egregium

217 1791 383 1826 praestitisse,
401 1790 462 1816 dum
479 1789 632 1818 ell‘ecernut,
650 1793 677 1813 ut
693 1787 718 1813 in
731 1785 823 1820 jejunii
835 1783 1004 1811 consuetudi—

218 1845 278 1865 nem
299 1837 460 1868 veniri-tuus,
488 1835 549 1862 inde
571 1839 686 1861 constat.
712 1833 777 1860 Nam
802 1839 850 1859 nos
861 1831 966 1866 quidem
983 1830 1003 1856 si

218 1888 272 1910 toto
286 1889 355 1909 anno
369 1882 484 1908 clamare
502 1888 533 1907 ac
546 1880 676 1914 jejunium
689 1877 833 1913 prardicare
848 1884 899 1903 non
914 1883 1004 1903 cesse~

217 1938 286 1959 mus.
312 1937 389 1956 nemo
403 1927 490 1954 verbis
510 1927 607 1954 nostris
620 1926 736 1952 aninmm
752 1922 882 1950 attendit:
899 1921 969 1957 quod
983 1921 1004 1947 si

218 1980 318 2001 tantum
333 1973 545 2006 Quadragesiuue
558 1976 662 2006 tempus
672 1969 819 2001 advenerit,
836 1969 896 1995 licet
910 1967 1006 1994 cohor-

219 2027 288 2050 tctttr
303 2028 390 2051 uento,
415 2021 473 2046 licet
493 2017 633 2045 consilium
649 2017 693 2044 det
707 2024 796 2046 nemo,
812 2016 891 2041 etiam
914 2013 945 2045 is,
962 2012 1005 2047 qui

219 2067 460 2103 negligentissimus
475 2064 563 2095 interit,
577 2064 717 2094 excitatur,
730 2067 756 2088 ct
771 2061 888 2088 oblatum
902 2059 935 2086 ab
949 2059 1007 2092 ipso

219 2121 337 2148 tempore
352 2113 490 2140 coiisilinm
507 2116 532 2137 et
548 2109 757 2136 cohertationeut
771 2106 896 2133 admittit.
914 2105 941 2132 Si
958 2104 1007 2137 igi-

219 2166 261 2187 tur
274 2161 416 2192 interroget
434 2163 460 2184 te
471 2156 578 2184 Judzcus
593 2159 619 2182 ct
632 2154 746 2181 Genlilis
758 2160 808 2185 qlia
823 2151 857 2178 de
876 2158 955 2178 causa
968 2149 1007 2182 je-

218 2207 307 2242 juues,
324 2213 356 2231 ne
369 2205 441 2230 dicas
462 2208 568 2237 propter
581 2200 690 2230 Pascha,
716 2204 802 2231 neque
827 2200 933 2230 propter
946 2203 1007 2222 cru-

218 2259 277 2279 cem
289 2260 295 2277 :
309 2252 346 2278 sic
359 2250 429 2276 enim
443 2256 534 2274 ansam
551 2247 586 2272 illi
603 2252 651 2272 nos
664 2244 789 2279 arguendi
805 2242 947 2277 prarbcres.
958 2240 1009 2267 Ne-

219 2306 271 2333 que
279 2297 349 2324 enim
362 2296 395 2322 ob
408 2293 675 2328 Paschajejunatnns,
689 2299 773 2325 neque
788 2290 821 2316 ob
833 2296 950 2319 crucem,
963 2287 1009 2313 sed

222 2346 256 2371 ob
268 2347 375 2377 peccata
388 2347 487 2373 nostra,
500 2340 623 2375 quoniam
635 2339 667 2365 ad
679 2338 804 2373 mysteria
816 2343 907 2363 smnus
921 2342 1011 2361 acces-

221 2390 276 2418 snri
293 2398 299 2414 :
317 2397 376 2415 nam
393 2387 488 2420 alioqui
505 2386 604 2413 Pascha
623 2393 675 2410 non
688 2383 792 2418 jejunii,
807 2389 893 2416 neque
915 2381 1010 2412 luctus,

222 2437 268 2463 sed
280 2434 367 2471 gaudii
380 2440 405 2461 et
416 2432 601 2460 cx5nltaliunis
609 2436 650 2458 est
661 2430 776 2458 Occasio.
788 2430 856 2456 Crux
868 2428 937 2454 enim
950 2434 1012 2462 pec-

221 2487 310 2509 catum
319 2480 435 2510 sustullit,
452 2478 566 2512 expiatio
580 2477 706 2504 luitorbis
717 2480 857 2505 terrarum,
874 2473 1011 2500 inveterati

222 2527 275 2554 odii
293 2525 481 2555 reconciliatio,
496 2524 591 2557 januas
606 2523 662 2549 czeli
683 2521 796 2555 aperuit,
812 2528 858 2547 eos
871 2519 914 2554 qni
930 2519 1013 2545 odiosi

223 2578 310 2605 erant,
320 2573 418 2599 amicas
431 2571 553 2601 reddidit,
566 2570 591 2596 in
607 2567 823 2597 carlntnrednxit,
837 2571 956 2592 uaturatn
971 2572 1014 2591 no.

225 2627 307 2648 stram
322 2621 347 2648 in
357 2619 442 2646 throni
455 2618 562 2645 dextera
572 2615 779 2647 collocavit,alia
793 2613 1014 2640 nobisiunumcra

225 2670 291 2697 bona
307 2667 396 2702 largita
407 2671 457 2693 est.
467 2665 524 2692 Non
539 2664 618 2698 igitur
629 2663 718 2697 lugere
726 2669 756 2688 ac
768 2668 882 2688 maerore
893 2659 1014 2687 contralti

224 2719 339 2750 oportet,
368 2712 414 2740 sed
439 2711 533 2738 horum
553 2709 670 2737 omnium
686 2715 765 2735 causa
780 2707 895 2742 gaudere
915 2713 946 2733 ac
969 2706 1015 2732 la:-

256 2804 291 2830 (ui
302 2803 387 2826 Pascha
399 2802 445 2826 hoc
455 2801 507 2824 loco
515 2799 658 2830 intelligitur
667 2797 805 2830 sacriﬁcium
819 2800 844 2820 et
852 2795 1017 2830 liturgia,quaa

226 2825 375 2859 iniiinii-ie
388 2825 426 2858 ter
440 2834 464 2857 in
483 2825 632 2855 hebdonuiila
650 2828 827 2859 celebrabatur,
849 2831 875 2851 et
887 2825 1018 2859 aliquando

225 2856 380 2896 quamhaur!
390 2856 504 2896 de_re__ad
516 2861 607 2896 calcem
623 2866 724 2895 operum
735 2858 892 2890 Chrysostond
906 2859 957 2880 l‘use
969 2856 1018 2880 dis-

226 2891 356 2926 putabitur,
369 2895 408 2919 ubi
419 2894 450 2918 de
461 2893 556 2924 Iiturgia
565 2898 646 2917 sermo
658 2891 712 2915 erit.

568 177 597 206 S.
617 174 754 205 JOANNIS
772 168 1005 209 (ῑιιιιγβοετοιιι
1025 165 1183 195 ARCHIEP.
1203 157 1471 193 CONSTANTINOP.

1775 155 1828 182 868

1040 223 1099 250 tari.
1113 222 1257 256 Propterea
1268 225 1373 254 quoque
1384 216 1450 243 dixit
1465 213 1577 242 Paulus:
1592 210 1655 240 Mihi
1669 215 1750 237 ιιιιιιιιιι
1764 210 1829 235 abiit

1039 268 1153 304 gloriari,
1169 255 1217 293 nisi
1231 266 1256 292 in
1270 272 1343 291 cruce
1359 261 1461 290 Domini
1478 259 1558 287 nostri
1570 258 1632 285 Jcsu
1650 256 1742 284 (.‘Itrislt'
1755 255 1826 290 (Gul.
1858 256 1862 260 '

1040 315 1067 342 6-
1091 313 1149 348 H):
1164 316 1191 340 et
1211 318 1303 339 rursus
1317 319 1323 336 :
1339 307 1504 336 Commendat
1518 311 1600 333 autent
1615 305 1743 330 curitath
1757 310 1828 329 noon

1040 358 1110 386 Deus
1124 366 1183 393 erga
1197 364 1263 384 nos:
1278 355 1396 390 quoniam
1416 361 1473 380 cum
1493 351 1577 378 art/mc
1600 354 1740 384 peccatores
1762 356 1829 374 rue-

1041 413 1107 436 mus,
1123 403 1237 431 Christus
1258 410 1303 436 pro
1325 400 1396 433 nobis
1412 403 1526 425 mortuus
1540 401 1575 424 est
1595 395 1682 428 (Rom.
1700 394 1724 422 5.
1743 394 1788 428 8):
1804 397 1831 420 et

1042 451 1157 478 Joannes
1167 449 1201 476 ita
1212 448 1289 483 plane
1300 447 1416 480 loquitur
1428 454 1434 471 :
1448 444 1493 472 Sic
1502 443 1567 470 enim
1579 442 1645 468 Deus
1657 440 1746 467 dilexit
1755 447 1829 466 niui:-

1043 496 1104 522 dum
1117 494 1206 529 (Jaan.
1223 493 1250 519 3.
1263 491 1319 528 l6).
1336 489 1485 525 Quomodo,
1501 487 1610 523 qna'so?
1627 487 1657 513 lit
1672 486 1729 512 aliis
1742 484 1831 511 omnl-

1043 541 1093 568 bus
1108 537 1293 574 pra-,tcrmissis
1306 543 1411 564 crucem
1426 534 1522 570 posuit.
1545 532 1610 559 (tum
1624 531 1694 558 enim
1711 530 1830 561 dixisset.

1044 586 1089 613 Sic
1102 585 1170 612 Deus
1180 583 1267 611 dilexit
1279 582 1410 613 mundum,
1423 580 1529 615 adjecit,
1543 577 1575 606 Ut
1585 577 1678 604 Filium
1691 584 1762 602 situm
1774 575 1832 601 ani-

1044 633 1154 668 genitum
1167 631 1248 663 daret,
1262 635 1289 656 ut
1300 628 1508 662 cruciﬁgeretur.
1520 630 1549 651 ut
1563 624 1654 657 omnis,
1665 623 1707 657 qui
1718 621 1794 648 credit
1807 621 1832 646 in

1045 687 1110 709 eunt.
1126 686 1175 705 non
1189 680 1283 712 pereat,
1302 674 1346 701 sed
1365 673 1454 700 habent
1475 671 1550 698 ritum
1572 676 1700 696 merrtem.
1720 666 1748 695 Si
1770 673 1834 700 ergo

1045 723 1163 750 eariratis
1176 721 1281 748 occasio
1295 728 1357 746 crux
1374 723 1425 751 est,
1440 723 1464 744 ct
1476 717 1606 752 gloriatio,
1617 722 1650 741 ne
1660 713 1778 741 dicamus
1786 719 1834 737 nos

1046 770 1103 803 eius
1118 775 1196 795 causa
1208 768 1306 801 lugere.
1323 765 1380 792 Non
1396 764 1467 791 cnitn
1480 763 1512 789 ob
1526 761 1596 789 illam
1609 761 1738 794 lugemus,
1756 757 1834 789 absit,

1047 815 1092 842 sed
1104 814 1137 840 ob
1149 816 1237 840 nostra
1255 816 1370 846 peccata.
1383 809 1482 836 lth-iieo
1493 807 1650 842 jejuuamns.

1082 861 1109 887 5.
1129 857 1304 886 Caterluuneni
1314 865 1363 882 non
1377 855 1500 882 c.1cbrant
1517 852 1626 879 Pascha.
1639 865 1673 870 —-
1683 850 1753 877 Sanc
1764 849 1838 876 Cule-

1047 907 1195 934 cltumetuts
1209 910 1350 938 numquam
1363 902 1461 929 Pascha
1476 899 1600 928 celebrat.
1611 895 1837 932 qnamvisjejnnct

1048 951 1159 986 singulis
1180 950 1266 981 annis,
1291 948 1415 984 qnoniatn
1431 944 1556 972 oblationi
1572 951 1624 970 non
1647 942 1837 973 communicat,

1049 995 1270 1032 quemadmodum
1287 998 1313 1020 et
1323 993 1366 1028 qui
1381 999 1433 1018 non
1449 990 1562 1025 jejnuat.
1577 989 1598 1014 si
1614 995 1673 1014 cum
1689 994 1752 1021 pura
1767 993 1839 1012 προς

1049 1043 1095 1069 dat
1103 1040 1276 1070 conscientia,
1285 1038 1386 1066 Pascha
1401 1036 1527 1065 celebrat,
1540 1035 1595 1061 sive
1606 1033 1695 1064 hodie,
1705 1031 1759 1058 sire
1768 1038 1837 1062 cras,

1051 1088 1106 1114 sive
1121 1087 1173 1113 alio
1187 1086 1281 1120 quovis
1297 1088 1416 1117 tempore
1431 1079 1623 1107 communionis
1638 1080 1680 1104 lCat
1697 1077 1837 1110 Iarticqu.

1051 1134 1108 1161 Non
1130 1133 1200 1160 enim
1223 1139 1255 1159 ex
1277 1136 1424 1164 tetnpornm
1449 1126 1643 1157 observatioae,
1660 1124 1705 1151 sed
1721 1131 1752 1150 ex
1775 1130 1838 1157 pura

1051 1178 1211 1206 conscientia
1225 1176 1340 1211 optimus
1353 1175 1486 1208 jndieatttr
1503 1178 1635 1199 access-ts.
1660 1171 1694 1197 At
1715 1176 1763 1196 nos
1781 1176 1840 1194 con-

1053 1225 1159 1252 trariutn
1173 1223 1285 1258 agimus,
1296 1225 1409 1248 tuentem
1421 1219 1526 1254 quidem
1537 1225 1587 1245 non
1596 1222 1780 1251 expurgamns.
1792 1213 1840 1240 sed

1052 1271 1073 1296 si
1082 1269 1125 1296 dic
1138 1268 1182 1296 illo
1193 1268 1357 1297 accedamus,
1370 1265 1505 1293 celebrare
1518 1271 1565 1290 nos
1577 1262 1675 1289 Pascha
1689 1266 1840 1290 censemus,

1053 1315 1222 1351 quantumvis
1238 1314 1352 1349 peccatis
1367 1311 1555 1340 redundemus.
1569 1309 1620 1337 Sed
1636 1316 1687 1335 non
1708 1308 1742 1334 ita
1758 1314 1785 1333 se
1799 1312 1843 1332 res

1053 1362 1144 1393 habet,
1158 1369 1210 1388 non
1225 1361 1258 1387 ita
1272 1360 1359 1395 plane,
1371 1366 1462 1386 verum
1476 1357 1537 1385 licet
1552 1356 1594 1383 vel
1614 1355 1639 1382 in
1655 1355 1711 1389 ipso
1733 1353 1844 1380 sabbato

1053 1417 1113 1435 cttnt
1131 1416 1209 1443 prava
1230 1407 1373 1434 accesseris
1385 1404 1557 1434 conscientia,
1572 1401 1691 1430 excidiin
1702 1409 1715 1427 a
1728 1406 1845 1427 contmn-

1054 1455 1144 1488 nione,
1157 1460 1183 1482 ct
1194 1463 1245 1481 non
1260 1453 1392 1480 celebrato
1405 1450 1504 1478 Pascha
1515 1449 1647 1478 recessisti
1659 1456 1665 1475 :
1677 1445 1846 1483 quemadmo-

1055 1501 1117 1528 dum
1135 1505 1236 1532 contru,
1257 1500 1317 1526 licet
1331 1498 1408 1524 hodie
1422 1496 1600 1524 comiuunices
1614 1492 1740 1521 abstersis
1755 1497 1846 1528 pecca-

1056 1547 1100 1579 tis,
1111 1546 1250 1581 diligenter
1269 1544 1368 1572 Pascha
1385 1542 1533 1570 eelebrasti.
1557 1541 1630 1568 llane
1645 1539 1723 1574 igitur
1735 1537 1847 1571 diligen-

1056 1593 1119 1619 tiam
1130 1595 1263 1626 oporteret
1278 1598 1308 1617 ac
1323 1588 1515 1615 vrhemcntiam
1529 1594 1580 1613 non
1595 1585 1619 1612 in
1636 1589 1782 1617 temporum
1797 1581 1848 1607 ob-

1056 1638 1216 1667 servatione.
1233 1636 1279 1662 ςι-ιι
1292 1636 1316 1662 in
1330 1642 1438 1662 accessu
1449 1639 1572 1660 servare:
1585 1636 1610 1658 et
1623 1627 1846 1664 quemadmodum

1057 1684 1162 1718 quidvis
1175 1682 1274 1718 perpeti
1291 1680 1412 1711 mallctis,
1428 1686 1507 1714 quam
1521 1674 1737 1704 consuetudinem
1751 1673 1848 1699 intutu-

1058 1736 1130 1757 tare:
1144 1730 1179 1756 ita
1195 1728 1327 1763 negligere
1337 1726 1442 1761 quidem
1455 1725 1505 1751 hoc
1519 1727 1664 1757 oporteret,
1675 1720 1777 1756 quidvis
1800 1727 1850 1744 an-

1059 1782 1111 1804 tem
1126 1776 1226 1810 perpeti
1243 1783 1273 1801 ae
1289 1774 1424 1808 perlicere,
1440 1777 1467 1798 ιιι
1481 1779 1514 1797 ne
1526 1777 1585 1796 cum
1602 1767 1715 1803 peccatis
1733 1765 1849 1792 accade-

1059 1823 1131 1850 retis.
1149 1821 1182 1849 Ut
1202 1821 1272 1848 enim
1289 1819 1420 1853 intelligas
1443 1817 1524 1844 Deum
1546 1815 1642 1841 nullam
1659 1817 1806 1846 temporum
1821 1815 1850 1836 et

1058 1866 1253 1895 observationis
1273 1865 1348 1892 istius
1363 1863 1460 1890 habere
1473 1862 1613 1892 rationem,
1628 1859 1687 1885 andi
1701 1866 1761 1885 etim
1776 1856 1850 1891 judi-

1058 1915 1127 1942 ciutn
1152 1917 1322 1940 exercentem
1337 1920 1343 1936 ι
1357 1910 1513 1937 Ecuricntem
1533 1915 1571 1933 me
1588 1906 1691 1933 vidistis.
1713 1903 1808 1938 inquit,
1826 1907 1850 1928 et

1059 1960 1157 1986 aluistis
1167 1967 1205 1984 me
1213 1965 1223 1984 :
1232 1957 1364 1986 sitientem,
1375 1959 1398 1982 et
1408 1954 1511 1980 dedistis
1522 1953 1582 1979 mihi
1593 1957 1678 1986 potant
1689 1957 1698 1977 :
1708 1949 1813 1980 nudam,
1826 1952 1851 1974 ct

1060 2005 1192 2040 aperuisti:
1216 2012 1254 2029 me
1277 2001 1382 2038 (.ilatth.
1395 2000 1437 2028 ‘25.
1457 2000 1520 2032 55):
1536 2003 1561 2025 et
1585 1998 1625 2024 liis
1646 1997 1690 2031 qni
1704 2004 1717 2022 a
1734 1994 1851 2021 sinistris

1060 2056 1121 2078 sunt
1135 2049 1265 2077 contraria
1276 2047 1418 2082 exprobrat
1438 2045 1471 2072 Et
1485 2052 1577 2072 rursus
1588 2043 1667 2069 alittm
1681 2040 1852 2068 iatn-ducens

1061 2099 1096 2125 ob
1111 2095 1320 2124 recordationem
1338 2093 1491 2127 iujuriarntn
1512 2089 1622 2124 castigat
1641 2096 1648 2116 :
1670 2087 1746 2115 Serve
1765 2087 1851 2118 en'm,

1062 2144 1155 2179 inquit,
1173 2150 1288 2177 nequam,
1304 2148 1376 2167 omne
1390 2138 1500 2165 debitum
1516 2136 1580 2164 illud
1599 2134 1683 2162 dimisi
1697 2134 1755 2166 tibi;
1769 2141 1854 2159 nonne

1062 2191 1172 2226 oportuit
1183 2194 1206 2216 ct
1220 2195 1243 2215 le
1257 2187 1367 2214 misereri
1381 2184 1491 2212 calin-rvi
1514 2183 1559 2212 tui.
1580 2182 1644 2208 sicut
1658 2185 1681 2207 et
1696 2188 1740 2215 ego
1754 2179 1790 2205 lui
1804 2179 1851 2204 tui-

1062 2243 1142 2265 sertus
1163 2245 1217 2263 sunt
1232 2235 1289 2269 (Id.
1319 2234 1351 2260 18
1379 2232 1440 2266 52)?
1456 2231 1556 2257 l‘uursus
1578 2228 1702 2262 virgines,
1728 2226 1854 2260 quoniam

1063 2285 1150 2311 oleum
1167 2284 1191 2309 in
1206 2280 1371 2316 lampadibus
1393 2285 1444 2305 non
1459 2277 1588 2303 habebant
1606 2273 1660 2310 (Id.
1671 2273 1716 2301 25.
1731 2273 1757 2300 'l.
1773 2272 1853 2306 ειμι),

1064 2339 1078 2358 a
1090 2329 1206 2357 thalamo
1217 2326 1305 2362 sponsi
1319 2325 1430 2352 exclusit
1443 2332 1448 2349 :
1466 2323 1556 2351 alium.
1571 2319 1640 2355 quod
1654 2318 1795 2353 nuptialem
1809 2324 1856 2342 ve-

1065 2381 1131 2403 stem
1147 2381 1199 2401 nnn
1216 2373 1315 2400 habens
1335 2375 1407 2398 esset
1428 2369 1562 2403 ingressus
1582 2365 1637 2401 (Id.
1662 2362 1855 2397 22.1l.sqq.),

1065 2421 1111 2448 sed
1122 2419 1235 2448 sordidis
1250 2422 1321 2444 esset
1338 2415 1500 2442 vestimentis
1513 2413 1629 2440 indutus.
1645 2409 1818 2437 fornicatione
1830 2412 1858 2434 rt.

1067 2467 1218 2502 iuipnritate
1232 2468 1373 2498 coopertus
1385 2471 1391 2488 :
1404 2461 1472 2495 quod
1487 2463 1573 2486 autent
1590 2457 1639 2483 hoc
1655 2455 1694 2482 Vel
1709 2455 1754 2481 illo
1765 2461 1858 2480 mense

1067 2513 1166 2541 Pascha
1182 2511 1285 2542 fecerit,
1300 2516 1377 2536 neuio
1392 2513 1515 2541 umquam
1529 2504 1636 2540 punitus
1646 2506 1695 2534 cst,
1707 2506 1750 2528 aut
1767 2509 1786 2527 r-
1797 2507 1860 2534 pre-

1068 2560 1176 2586 hensns.
1190 2557 1242 2584 Sed
1257 2555 1318 2591 quid
1333 2561 1381 2589 ego
1395 2553 1429 2579 de
1447 2552 1523 2579 nobis
1538 2550 1631 2584 loquor
1650 2547 1684 2574 ab
1698 2547 1769 2573 omni
1785 2545 1860 2579 ι’]ιιθο

1068 2605 1139 2633 modi
1149 2604 1243 2639 quavis
1255 2601 1412 2629 necessitate
1429 2597 1557 2627 liberalis.
1573 2600 1598 2622 et
1612 2600 1723 2629 quorum
1743 2599 1860 2618 convcr-

1068 2651 1136 2678 satio
1148 2656 1252 2677 sursum
1275 2648 1300 2674 in
1316 2646 1388 2673 castis
1402 2649 1453 2677 est,
1469 2643 1513 2670 ubi
1529 2648 1633 2670 menses
1648 2644 1674 2667 et
1688 2638 1728 2666 sol
1743 2642 1770 2664 ct
1784 2637 1858 2667 luna,

1069 2701 1096 2724 et
1108 2703 1236 2724 annortnn
1252 2701 1304 2721 neu
1319 2697 1360 2720 est
1374 2689 1520 2719 circuitus?
1532 2688 1570 2716 Ne
1590 2686 1658 2722 apud
1679 2684 1785 2712 .lnd.eos
1799 2683 1860 2717 qui.

1070 2743 1140 2773 dem.
1167 2742 1187 2768 si
1211 2740 1269 2775 quis
1291 2739 1432 2774 diligenter
1452 2736 1569 2763 animum
1584 2731 1720 2760 attendere.
1733 2728 1860 2758 voluerit,

1072 2788 1197 2824 temporis
1213 2792 1332 2820 magnam
1347 2783 1461 2811 habitam
1476 2788 1535 2809 esse
1548 2780 1676 2807 rationem
1691 2773 1800 2803 videbit.
1810 2774 1861 2800 sed

1072 2834 1298 2868 Jerosolymornm
1310 2831 1346 2858 illi
1361 2830 1442 2857 l'uis~e
1451 2829 1538 2855 locum
1551 2826 1702 2853 antelatum.
1717 2820 1781 2848 Natn
1793 2826 1862 2854 quo-

1074 2882 1144 2908 niam
1160 2884 1191 2907 για
1207 2877 1323 2909 Movsem
1338 2877 1496 2905 accedentes
1503 2876 1629 2905 dicebant
1642 2883 1648 2901 ε
1662 2867 1795 2900 Immuudi
1811 2875 1862 2893 su-
