2043 3116
149 161 200 188 8ϋ9

146 227 202 245 mus
217 226 295 252 super
306 217 426 249 animum,
441 214 565 250 quomodo
580 223 629 240 non
642 213 817 249 fraudubimur
830 213 863 239 ad
876 211 938 245 oﬂ'e-

147 263 252 290 rendum
261 263 330 289 dona
339 262 445 288 Domino
454 261 545 296 (Num.
557 260 583 287 9.
593 260 638 295 7)?
650 260 721 287 State
733 260 798 290 istic,
811 258 905 292 inquit,
917 262 939 284 ct

147 310 283 342 offcremus
307 307 340 334 ad
365 308 445 334 Deum
472 306 526 342 (Ib.
541 316 566 334 υ.
582 307 623 341 8).
644 305 743 333 Deinde
758 312 817 332 cum
834 303 940 331 retulis-

148 359 198 385 set.
215 355 299 388 legem
316 353 419 385 detulit,
436 360 494 387 qua:
508 352 678 387 pr:rcipiebat
689 360 695 378 :
708 351 739 378 Si
757 350 812 385 quis
828 350 939 376 inimum-

149 401 196 425 dus
207 400 282 433 fuerit
293 407 369 433 super
379 398 488 424 animant
498 397 536 424 vel
547 398 572 424 in
582 399 622 423 via
633 396 719 432 longa,
730 401 752 422 et
762 395 842 430 primo
858 402 941 421 mense

153 444 252 471 Pas-clm
263 447 345 480 facere
359 453 408 471 non
421 445 539 479 potuerit,
554 444 627 478 faciet
642 444 667 469 in
681 443 788 470 secunda
803 441 826 474 (1
831 440 940 473 b.v.lO).

153 491 256 524 Ergone
270 490 339 524 apud
352 489 458 516 Iudaeos
475 488 599 524 temporis
612 489 723 516 solvitur
735 488 896 520 observatio,
913 491 942 514 ut

152 535 325 571 Jerosolytnis
336 535 437 562 Pascha
447 535 612 562 celebretur:
624 539 651 561 et
662 539 688 561 tu
699 533 868 561 concordiam
880 540 940 559 cum

154 581 272 609 Ecclesia
288 581 399 615 tempori
413 589 464 607 non
478 580 619 610 auteferes.
633 580 679 606 sed
692 584 719 606 ut
729 579 786 606 dies
799 578 942 605 observare

153 627 276 659 videaris,
292 634 460 654 communem
475 627 593 653 omnium
605 630 725 652 nostrum
747 629 858 651 matrem
874 623 942 657 inju—

153 674 190 699 ria
205 673 314 705 aflicics,
328 677 354 700 et
366 677 524 699 conventum
540 679 644 699 sacrum
656 670 776 698 divides?
787 670 851 703 Quis
865 670 943 704 igitur

154 719 228 745 venia
247 723 271 745 te
293 718 400 752 dignum
422 718 552 750 censebit,
578 718 621 752 qtti
644 717 715 744 nulla
735 716 768 743 de
787 723 866 743 causa
882 714 942 742 talia

154 767 264 797 peccare
278 763 361 790 velis?

191 808 292 835 Pascha
307 817 356 834 non
372 816 502 843 possumus
516 807 654 839 observare,
681 815 729 842 quo
749 806 789 833 die
807 807 944 840 cruciﬁxus

155 860 191 881 est
202 853 323 880 Christus.
338 869 373 873 -
386 854 453 886 Quid
469 859 556 880 autem
576 854 610 880 de
629 852 728 880 Iudaeis
747 849 859 886 loquar?
878 851 943 878 Nam

156 909 189 927 ne
204 909 253 928 nos
267 900 373 935 quidem
387 901 465 927 etiam
478 901 500 926 si
514 899 685 926 vehementer
699 899 837 933 cupiamus
852 902 879 925 et
896 905 944 923 an-

155 946 283 978 nitamur,
298 946 367 972 diem
384 945 457 971 illum
481 945 589 971 omnino
614 945 757 972 observare
781 951 867 978 posse,
892 950 944 978 quo

156 991 300 1018 crucifixus
322 996 371 1020 est,
389 991 449 1017 inde
463 995 575 1017 constat.
591 990 664 1017 Licet
677 990 747 1017 enim
764 993 944 1024 transgresso-

157 1044 200 1063 res
214 1036 297 1064 Judaei
311 1045 363 1063 non
379 1036 498 1067 fuissent,
514 1044 599 1072 neque
614 1037 708 1071 ingrati
725 1036 844 1067 fuissent,
860 1043 945 1069 neque

156 1081 265 1115 stupidi,
283 1090 368 1116 neque
381 1081 486 1109 desides
501 1089 532 1108 ac
544 1087 753 1116 contemptores,
770 1088 855 1115 neqttc
869 1088 883 1106 a
899 1088 945 1114 pa-

156 1127 239 1153 ternis
249 1125 341 1154 ritibus
354 1127 522 1160 exeidirseut,
536 1127 580 1154 sed
595 1135 641 1154 eos
652 1127 794 1154 etiamnum
806 1127 946 1161 diligenter

156 1172 338 1203 observarent,
355 1181 388 1199 ne
403 1173 440 1199 sic
454 1173 560 1207 quidem
576 1172 631 1199 ﬁeri
648 1176 746 1206 posset,
774 1177 803 1199 ut
823 1180 872 1199 nos
887 1172 947 1199 illo-

157 1225 215 1244 rum
227 1219 343 1253 vestigiis
355 1219 500 1246 insisteudo
511 1218 579 1246 diem
592 1219 669 1246 istutn
681 1226 733 1253 qtto
746 1218 886 1246 crucifixus
894 1224 944 1250 est,

157 1267 184 1290 et
199 1263 298 1290 Pascha
312 1264 466 1295 celebravit,
478 1271 691 1298 assequercmur.
709 1263 767 1297 Quo
782 1271 846 1291 vero
858 1268 945 1298 pacto,

157 1315 206 1341 ego
220 1308 315 1335 dicam.
339 1309 450 1341 Quando
471 1310 611 1336 crucilixus
625 1314 676 1343 est,
699 1314 754 1336 tum
775 1309 875 1344 primus
889 1309 948 1336 dies

157 1358 309 1388 azymorum
322 1359 389 1386 erat,
401 1360 428 1381 ct
444 1359 601 1388 paras'ccve:
619 1354 675 1381 Inec
688 1355 758 1382 euitn
772 1359 881 1389 utraque
891 1355 948 1382 lieri

158 1399 258 1433 nequit.
275 1403 302 1425 ut
316 1404 442 1434 perpetuo
454 1405 625 1427 concurrant.
643 1401 709 1427 Ecce
720 1408 833 1434 namque
847 1401 948 1434 primus

157 1444 214 1471 dies
227 1452 380 1480 azymorum
394 1445 445 1472 hoc
459 1454 529 1472 anno
543 1446 567 1472 in
581 1446 742 1473 dominicutn
757 1446 827 1473 diem
843 1446 946 1479 incidit,

158 1494 185 1516 et
197 1491 307 1517 omnino
323 1498 431 1518 necesse
440 1496 489 1523 est,
500 1496 530 1517 ut
543 1496 596 1518 tota
608 1492 772 1518 hebdomada
785 1492 946 1526 jejunemus,

159 1540 182 1562 et
195 1543 255 1562 cum
267 1536 354 1570 passio
367 1536 534 1570 prmtcricrit,
547 1542 572 1564 et
583 1545 647 1563 crux
659 1537 805 1570 advenerit,
819 1543 846 1564 et
859 1545 947 1564 resur-

159 1581 253 1613 rectio,
270 1588 318 1607 nos
333 1581 420 1607 adhuc
433 1581 585 1615 jejuuantes
600 1589 764 1609 maneamus.
779 1583 812 1608 Et
826 1589 950 1616 saepenu-

159 1634 233 1654 mero
248 1627 315 1654 istud
328 1627 434 1660 accidit,
449 1633 478 1654 ut
493 1633 551 1662 post
563 1636 681 1661 crucem,
703 1633 762 1663 post
775 1629 949 1658 resurrectio-

159 1679 231 1704 nem,
248 1672 411 1700 hebdomada
433 1673 549 1700 nondum
564 1674 695 1708 absoluta,
707 1675 836 1709 jejunium
858 1676 948 1703 obser-

159 1725 261 1745 vemus.
277 1719 313 1745 lta
328 1719 399 1746 nulla
414 1721 540 1754 temporis
553 1724 594 1747 est
607 1721 769 1748 observatio.

195 1764 221 1791 6.
242 1764 280 1791 Nc
304 1765 381 1799 igitur
403 1765 604 1798 contendamus,
633 1774 699 1794 neve
725 1767 790 1794 illud
813 1767 947 1801 dicamus,

159 1815 234 1837 tanto
246 1815 364 1844 tempore
373 1811 499 1845 jejuuavi,
511 1816 537 1838 et
551 1820 620 1839 nunc
634 1819 733 1840 morem
749 1813 873 1840 mutabo?
885 1814 948 1840 Pro-

162 1861 218 1890 pter
229 1856 279 1882 hoc
293 1856 377 1889 ipsum
390 1862 462 1883 muta
473 1866 479 1882 :
492 1857 560 1891 quod
573 1863 624 1884 tam
639 1858 724 1884 multo
738 1863 856 1894 tempore
869 1860 949 1886 fueris

161 1902 194 1928 ab
210 1902 327 1929 Ecclesia
340 1902 451 1934 divisus,
473 1903 506 1929 ad
529 1908 640 1930 matrem
656 1904 782 1939 deinceps
803 1909 947 1932 revertere.

161 1947 244 1974 Nemo
258 1947 332 1980 dicit,
349 1948 561 1982 quandoquidem
576 1953 648 1975 tanto
665 1953 785 1984 tempore
798 1950 950 1978 inimicitias

161 1993 279 2025 exercui,
297 2000 368 2019 nunc
381 1993 544 2020 reconciliari
559 2001 601 2020 me
615 1994 706 2028 pudet.
722 1995 768 2020 Est
780 1995 850 2022 enim
866 1995 950 2029 pudor

162 2042 188 2064 et
202 2037 344 2072 ignominia
356 2045 407 2064 non
420 2038 445 2064 in
459 2038 554 2064 melius
572 2039 680 2071 mutari,
696 2039 742 2066 sed
758 2040 784 2066 in
798 2040 949 2074 importuna

162 2083 332 2110 contentione
347 2083 499 2118 persistere.
523 2084 578 2111 Hoc
597 2084 704 2112 Jutlaaos
719 2085 798 2112 etiam
824 2086 948 2120 perdidit,

162 2129 206 2163 qui
220 2129 280 2155 dum
302 2134 419 2156 veterem
440 2130 657 2157 consuetudinem
681 2137 787 2165 semper
802 2131 948 2166 inquirunt,

162 2174 194 2201 ad
204 2174 365 2208 impietatem
380 2174 596 2202 devolvebantur.

198 2220 276 2247 Pauli
301 2221 444 2255 exemplum
459 2221 587 2256 proponit.
599 2221 695 2249 -—Sed
716 2222 778 2256 quid
795 2230 845 2256 ego
857 2222 890 2249 de
909 2222 951 2256 je-

161 2267 235 2300 junio
256 2266 411 2300 dierumque
431 2268 617 2294 observatione
640 2268 720 2295 verba
741 2268 830 2296 facio?
855 2269 951 2296 Paulus

163 2313 247 2346 legem
269 2319 375 2339 servare
391 2319 443 2339 non
458 2312 611 2346 desinebat,
633 2319 659 2340 et
674 2315 771 2341 multos
794 2315 898 2341 labores
921 2322 952 2342 ac

163 2356 275 2383 sudores
289 2357 451 2389 sustinebat,
466 2361 493 2384 ct
509 2358 604 2384 multas
620 2354 861 2393 peregrinationes,
883 2360 952 2386 mul-

165 2406 259 2434 tasque
273 2402 339 2428 alias
353 2410 485 2428 aerumnas
499 2403 639 2435 tolerabat,
655 2409 734 2438 atque
749 2412 842 2432 omnes
857 2410 952 2432 cozeta-

164 2454 228 2473 neos
242 2455 304 2473 suos
315 2447 431 2481 diligenti
445 2448 578 2482 religionis
594 2449 666 2475 illius
678 2450 863 2477 observatione
872 2458 952 2485 supe-

165 2491 239 2517 rabat
251 2500 257 2517 :
283 2497 464 2519 verumtamen
479 2497 616 2527 postquam
630 2494 662 2520 ad
675 2502 806 2521 summum
818 2496 952 2531 religionis

165 2536 233 2562 illius
248 2536 378 2571 fastigiqu
395 2543 551 2571 pervenerat
562 2559 569 2571 ,
590 2547 649 2566 cum
665 2540 837 2568 intellexisset
853 2542 877 2569 in
893 2550 953 2576 per-

164 2582 258 2608 niciem
272 2589 302 2609 ac
315 2582 501 2610 detrimentum
515 2591 544 2611 se
555 2589 648 2612 cuncta
656 2591 794 2619 praestare.
807 2587 953 2615 confestim

166 2631 282 2653 mutatus
303 2633 353 2654 est.
366 2627 421 2655 Nec
445 2629 513 2662 apud
529 2637 558 2656 se
571 2630 637 2657 dixit
652 2639 658 2657 :
683 2631 745 2665 quid
760 2631 811 2658 hoc
826 2633 863 2659 rei
889 2635 951 2660 est?

165 2671 250 2698 Tanto
261 2671 349 2698 studio
363 2672 488 2700 fraudor?
501 2673 614 2701 Tantum
629 2675 747 2702 laborem
761 2677 874 2703 amitto?
898 2678 953 2705 ltuo

167 2726 230 2745 vero
245 2724 353 2752 propter
366 2719 416 2746 hoc
431 2719 516 2753 ipsum
531 2720 608 2747 citius
620 2726 661 2747 est
675 2727 790 2749 mutatus
800 2743 807 2754 ,
826 2731 858 2750 ne
872 2724 954 2751 detri-

169 2769 285 2790 mentum
300 2765 362 2791 illud
378 2765 471 2792 iterum
486 2770 631 2799 pateretur,
655 2775 686 2794 ac
707 2768 834 2801 justitiam
847 2777 879 2796 ex
895 2770 953 2804 lege

167 2810 337 2841 contempsit.
354 2815 382 2837 ut
394 2809 453 2837 fidei
464 2810 593 2844 justitiam
607 2812 748 2847 acciperet.
764 2819 789 2840 et
799 2815 896 2842 clamat
910 2816 952 2842 di-

170 2856 249 2880 cens:
263 2854 326 2886 Qua
336 2855 395 2881 mihi
405 2857 506 2891 fuerunt
519 2859 599 2890 lucra,
616 2859 668 2884 ἠως
679 2859 812 2887 arbitratus
822 2868 876 2887 sum
891 2870 951 2896 pro-

541 158 574 185 lN
591 157 654 185 EOS
668 157 725 190 QUI
745 154 874 184 PASCllA
895 152 1075 183 JEJUNANT.
1096 154 1274 183 ADVERSL'S
1293 155 1363 182 ιω).
1385 152 1428 182 Ill.

1730 145 1783 174 870

993 217 1048 247 pter
1072 211 1198 240 Christum
1222 212 1370 240 detrimenta
1393 213 1510 248 (Philip.
1520 207 1560 240 Ἦ.
1582 212 1629 249 τ).
1654 213 1684 240 Si
1704 213 1785 247 oﬂ‘ers

995 266 1087 285 munus
1103 263 1174 284 tuum
1193 259 1226 284 ad
1239 259 1320 285 altare
1330 279 1338 292 ,
1355 264 1378 286 et
1399 259 1432 286 ibi
1445 259 1592 285 recordatus
1604 259 1690 298 fueris
1703 279 1710 291 ,
1724 260 1783 294 quia

993 307 1073 339 frater
1081 309 1138 332 tuus
1148 305 1221 331 habet
1228 305 1326 341 aliquid
1336 305 1467 332 adversum
1475 309 1507 339 te,
1517 305 1589 338 vade,
1600 306 1670 340 prius
1678 305 1784 332 reconci-

992 350 1055 377 liare
1064 350 1137 384 fratri
1150 355 1202 381 tuo,
1214 356 1236 377 et
1247 355 1304 377 tunc
1313 351 1413 377 ueniens
1421 350 1485 384 oller
1495 359 1585 378 munus
1593 355 1662 377 tuum
1676 350 1782 387 (Matth.

981 395 1021 423 Γ5.
1035 395 1091 431 25).
1106 395 1174 427 Quid
1186 395 1242 422 ais?
1257 395 1284 423 Si
1298 396 1379 423 frater
1388 396 1494 430 quidem
1509 401 1569 423 tuus
1582 396 1677 423 habeat
1688 394 1785 431 aliquid

993 442 1133 468 adversum
1146 445 1182 474 te,
1197 441 1355 468 sacrificium
1371 447 1399 468 ut
1411 441 1506 469 offeras
1520 441 1565 468 tibi
1579 447 1632 468 non
1646 443 1784 476 permittit.

993 486 1078 514 donec
1089 487 1273 514 reconciliatus
1287 486 1322 513 illi
1334 486 1415 513 fueris
1424 505 1433 519 ,
1444 494 1504 513 cum
1515 493 1579 514 vero
1590 492 1643 514 tota
1655 486 1785 517 Ecclesia,

994 538 1020 560 et
1034 537 1086 559 tam
1103 533 1178 560 multi
1201 533 1291 559 Patres
1307 532 1423 558 habeant
1436 531 1577 558 adversum
1594 537 1619 558 te
1630 552 1637 565 ,
1660 532 1743 558 audes
1756 539 1787 558 ac

994 579 1109 605 sustines
1124 585 1178 605 non
1200 578 1322 613 deposito
1343 577 1414 612 prius
1436 579 1586 611 importttno
1617 577 1666 604 hoc
1680 577 1742 604 odio
1754 577 1786 603 ad

996 631 1133 651 sacrorum
1145 623 1374 658 participationem
1389 623 1576 658 mysteriorum
1590 622 1738 649 accedere?
1753 622 1787 648 Et

995 677 1048 704 quo
1059 674 1135 704 pacto
1151 669 1249 704 poteris
1261 670 1299 696 sic
1317 669 1424 696 affectus
1439 666 1539 695 Pascha
1555 668 1711 694 celebrare?
1726 667 1787 694 IIa-c

995 724 1010 742 a
1025 724 1068 743 me
1082 724 1134 743 non
1150 715 1183 743 ad
1202 716 1260 742 illos
1277 720 1377 743 tantum
1390 715 1523 747 dicuntttr,
1538 714 1584 741 sed
1600 714 1679 741 etiam
1694 713 1727 739 ad
1742 720 1789 740 vos

996 763 1039 797 qui
1053 763 1110 790 sani
1132 763 1195 789 estis
1205 783 1212 795 ,
1229 766 1258 789 ut
1276 766 1406 796 quotquot
1420 762 1486 788 tales
1498 768 1557 788 esse
1578 760 1695 787 videritis
1706 781 1713 791 ,
1728 767 1788 786 eum

996 809 1078 837 multa
1089 809 1223 844 diligentia
1236 814 1260 836 et
1278 809 1385 836 lenitate
1398 809 1510 835 selectos
1520 807 1696 842 congregetis,
1710 810 1789 840 atque

996 855 1028 882 ad
1043 859 1153 882 matrem
1168 854 1239 888 ipsos
1251 854 1394 881 reducatis.
1409 853 1482 880 Licet
1495 853 1631 884 resistant,
1646 852 1706 878 licet
1720 850 1789 876 resi-

997 900 1072 933 liant,
1087 900 1148 928 licet
1160 899 1231 926 aliud
1246 899 1350 934 quidvis
1365 898 1470 930 faciant,
1488 906 1520 925 ne
1533 897 1723 931 defatigemur,
1740 896 1791 923 do—

997 954 1048 974 nec
1059 947 1098 974 eis
1112 946 1331 980 persuaserimus.
1344 944 1414 979 Nihil
1426 945 1497 971 enim
1511 948 1561 975 est,
1573 943 1642 977 quod
1653 951 1712 970 cum
1724 950 1790 977 pace

1000 993 1085 1020 valeat
1099 996 1126 1019 ct
1138 992 1279 1019 concordia
1290 991 1447 1025 comparari.
1459 991 1600 1024 Propterea
1614 997 1718 1024 quoque
1729 996 1790 1016 eum

999 1038 1146 1072 ingreditur
1160 1037 1248 1069 Pater,
1264 1045 1316 1064 non
1329 1037 1402 1071 prius
1414 1036 1447 1063 ad
1463 1037 1530 1062 hanc
1542 1035 1635 1063 sedem
1650 1032 1770 1061 ascendit
1780 1055 1788 1065 ,

997 1091 1076 1117 quam
1097 1082 1172 1109 vobis
1185 1082 1307 1109 omnibus
1329 1089 1418 1116 pacem
1435 1081 1514 1107 fuerit
1537 1084 1674 1115 precatus,
1690 1084 1790 1106 etcum

998 1128 1102 1162 surgit,
1119 1135 1170 1154 non
1187 1128 1261 1162 prius
1280 1127 1378 1154 docere
1392 1134 1438 1153 vos
1454 1125 1561 1160 incipit,
1575 1133 1653 1160 quam
1669 1124 1790 1151 omnibus

1000 1182 1092 1209 pacem
1112 1173 1226 1201 dederit.
1241 1173 1400 1201 Sacerdotes
1422 1173 1501 1199 etiam
1517 1179 1577 1199 cum
1598 1171 1694 1198 fuerint
1708 1170 1790 1197 bene-

999 1222 1104 1253 dicturi,
1116 1221 1159 1248 ubi
1171 1221 1243 1256 prius
1254 1221 1304 1248 hoc
1315 1220 1388 1248 vobis
1399 1219 1530 1254 apprecati
1546 1217 1653 1250 fuerint,
1665 1217 1790 1252 deinceps

1000 1267 1128 1302 incipiunt
1151 1266 1319 1294 benedicere.

1035 1312 1144 1340 Diacoui
1163 1321 1210 1340 vox
1229 1313 1255 1339 in
1276 1312 1391 1348 Liturgia
1413 1311 1534 1346 populum
1549 1310 1748 1338 dimittentis.—
1760 1309 1793 1337 Et

999 1366 1063 1386 vero
1079 1358 1211 1385 Diaconos
1225 1358 1288 1385 dum
1302 1366 1362 1384 cum
1377 1355 1436 1384 aliis
1450 1357 1551 1391 precari
1561 1356 1647 1391 jubet,
1662 1356 1712 1382 hoc
1723 1363 1792 1391 quo-

999 1411 1053 1440 que
1065 1404 1178 1439 imperat
1192 1404 1217 1430 in
1232 1403 1352 1431 oratione
1362 1425 1369 1435 ,
1382 1409 1410 1430 ut
1423 1403 1544 1438 augt-lum
1564 1401 1637 1437 pacis
1650 1407 1791 1436 rogemus,

1000 1454 1026 1478 el
1040 1457 1100 1484 qum
1113 1450 1248 1484 proposita
1263 1454 1324 1476 sunt
1338 1454 1432 1476 cuncta
1445 1449 1565 1483 paciﬁca,
1580 1453 1605 1475 et
1620 1448 1654 1474 ab
1667 1447 1717 1474 hoc
1729 1454 1794 1474 con-

1002 1500 1081 1524 ventu
1104 1503 1152 1523 vos
1173 1495 1309 1523 dimittens
1331 1495 1382 1522 hoc
1397 1494 1471 1522 vobis
1497 1499 1620 1528 precatur
1640 1493 1747 1520 dicens:
1761 1492 1793 1519 lu

1002 1549 1063 1576 pace
1076 1541 1213 1568 discedite:
1227 1545 1253 1567 et
1275 1541 1340 1567 nihil
1362 1541 1388 1567 in
1405 1541 1557 1567 universum
1581 1543 1669 1574 potest
1681 1539 1723 1565 vel
1741 1538 1792 1565 dici

1000 1587 1043 1614 vel
1056 1587 1114 1614 fieri
1126 1587 1183 1614 sine
1196 1587 1255 1613 ista.
1276 1586 1322 1613 Est
1334 1586 1405 1613 enim
1425 1585 1483 1613 hzec
1496 1585 1584 1612 nutrix
1597 1593 1629 1612 ac
1648 1589 1733 1612 mater
1747 1592 1790 1610 uo-

1001 1637 1072 1666 stra,
1088 1640 1147 1667 qua:
1163 1632 1246 1659 multo
1261 1639 1320 1659 cutn
1342 1631 1429 1658 studio
1444 1639 1475 1658 ac
1489 1631 1624 1666 diligentia
1648 1638 1697 1658 nos
1710 1630 1792 1658 fovet.

1001 1676 1096 1704 Pacem
1113 1684 1193 1711 porro
1204 1676 1264 1703 dico
1277 1684 1329 1703 non
1344 1674 1412 1703 hanc
1429 1684 1443 1703 a
1467 1676 1523 1703 sola
1544 1676 1730 1710 appellatione,
1746 1684 1793 1703 ne-

1002 1730 1052 1757 que
1067 1722 1138 1748 illam
1151 1730 1211 1756 quae
1224 1720 1249 1748 in
1264 1728 1364 1748 mensa:
1385 1722 1572 1748 communione
1593 1721 1714 1748 consistit
1724 1742 1732 1753 ,
1747 1721 1793 1748 sed

1003 1776 1093 1804 pacem
1107 1768 1253 1796 secundum
1269 1769 1352 1796 Deum
1365 1788 1372 1800 ,
1389 1776 1448 1802 qua:
1463 1776 1495 1795 ex
1511 1765 1640 1802 spirituali
1653 1767 1795 1794 concordia

1002 1814 1119 1841 nascitur
1132 1835 1139 1845 ,
1155 1822 1234 1848 quam
1263 1814 1337 1841 multi
1353 1821 1422 1841 nunc
1445 1813 1593 1848 dissipant,
1615 1820 1629 1839 a
1643 1813 1738 1847 quibus
1752 1820 1795 1839 res

1002 1865 1100 1889 nostra:
1111 1861 1294 1895 intempestiva
1306 1861 1420 1895 quadam
1431 1860 1601 1888 contentione
1612 1858 1793 1890 destruantur,

1001 1911 1029 1935 et
1048 1914 1091 1934 res
1112 1906 1263 1933 ludmorum
1285 1911 1432 1941 augentur,
1446 1906 1508 1933 dum
1524 1913 1570 1933 eos
1593 1906 1642 1932 fide
1661 1905 1796 1940 digniores

1003 1952 1129 1980 doctores
1142 1959 1220 1986 quam
1232 1959 1294 1978 suos
1307 1952 1399 1979 Patres
1412 1952 1582 1983 arbitrantur.
1592 1957 1617 1978 et
1627 1949 1725 1978 Christi
1740 1959 1791 1986 par-

1002 1997 1093 2025 ricidis
1114 1997 1147 2024 de
1163 1997 1284 2030 passione
1298 1996 1417 2029 credunt,
1431 2004 1484 2031 quo
1501 1996 1566 2031 quid.
1577 1995 1716 2024 absurdius
1739 1996 1792 2024 fieri

1002 2042 1102 2077 possit?
1124 2042 1237 2069 Nescitis
1252 2042 1315 2068 illud
1331 2041 1456 2075 ﬁguram,
1473 2042 1523 2069 hoc
1536 2042 1672 2068 veritatem
1695 2040 1794 2069 fuisse?

1003 2087 1070 2114 Vide
1086 2094 1200 2121 namque
1211 2092 1338 2121 quantum
1353 2086 1389 2113 sit
1409 2086 1565 2113 discrimen.
1585 2085 1650 2113 Illud
1669 2094 1798 2122 corpora-

1003 2134 1054 2161 lem
1071 2137 1183 2160 mortem
1200 2132 1358 2167 prohibebat
1369 2153 1375 2163 .
1395 2131 1447 2159 hoc
1462 2132 1527 2159 iram
1539 2132 1659 2165 sedavit,
1675 2140 1735 2167 quae
1748 2132 1791 2158 ad-

1002 2187 1096 2207 versus
1116 2179 1270 2215 universum
1291 2184 1421 2206 terrarum
1437 2175 1528 2206 orbem
1550 2178 1682 2205 ferebatur
1701 2187 1707 2204 :
1731 2177 1793 2205 ilhtd

1003 2227 1037 2253 ab
1056 2226 1172 2260 Egypto
1193 2222 1354 2260 vindicavit,
1371 2223 1422 2251 hoc
1443 2223 1477 2251 ab
1492 2224 1639 2251 idololatria
1655 2224 1791 2251 liberavit:

1004 2271 1066 2298 illud
1080 2271 1245 2298 Pharaonem
1257 2291 1264 2302 ,
1281 2267 1331 2297 hoc
1343 2268 1477 2296 diabolum
1490 2269 1644 2296 suffocavit:
1659 2273 1719 2304 post
1731 2268 1795 2296 iliud

1004 2316 1154 2347 Palmstiua,
1168 2319 1228 2350 post
1241 2314 1292 2342 hoc
1304 2316 1407 2342 caelum.

1039 2361 1076 2388 Ab
1087 2360 1256 2388 observatione
1269 2361 1362 2387 rituum
1374 2358 1539 2386 Iudaicarum
1554 2360 1670 2386 deterret.
1682 2374 1717 2379 —-
1727 2359 1796 2392 Quid

1004 2408 1084 2442 igitur
1102 2407 1218 2434 lucerna:
1240 2406 1359 2438 assides,
1375 2413 1435 2432 cum
1460 2406 1500 2432 sol
1527 2405 1700 2440 apparuerit?
1723 2405 1794 2436 Cur,

1004 2460 1105 2487 qutcso,
1119 2450 1187 2479 lacte
1201 2452 1240 2478 vis
1255 2450 1349 2478 nutriri
1361 2473 1368 2484 ,
1385 2458 1444 2478 cttm
1456 2451 1530 2477 cibus
1551 2451 1595 2477 tibi
1614 2450 1714 2477 solidus
1728 2458 1797 2485 prte-

1006 2498 1121 2525 beatur?
1135 2498 1277 2532 Propterea
1293 2496 1361 2524 lacte
1374 2498 1486 2524 nutritus
1500 2504 1539 2528 es,
1556 2504 1589 2523 ne
1605 2497 1673 2524 laete
1684 2503 1794 2524 conten-

1005 2548 1047 2570 tus
1057 2551 1146 2571 esses:
1162 2548 1302 2578 propterea
1314 2543 1358 2569 tibi
1371 2542 1476 2570 lucerna
1488 2542 1617 2576 apparuit,
1631 2547 1658 2568 ut
1667 2542 1700 2568 ad
1713 2542 1796 2569 solem

1005 2588 1184 2616 deducereris.
1201 2588 1266 2616 Cum
1282 2589 1361 2623 igitur
1380 2596 1422 2615 res
1440 2588 1611 2622 perfectiores
1630 2588 1795 2618 advenerim.

1005 2635 1038 2662 ad
1053 2634 1154 2669 priores
1168 2643 1200 2662 ne
1213 2642 1381 2662 recurramus
1393 2655 1400 2666 ,
1415 2642 1502 2668 nequc
1515 2634 1571 2660 dies
1585 2638 1612 2660 et
1629 2638 1749 2668 tempora
1770 2641 1799 2660 et

1005 2689 1089 2708 annos
1101 2680 1272 2708 observemus
1284 2701 1292 2713 ,
1316 2681 1362 2707 sed
1377 2679 1474 2715 ubique
1496 2679 1636 2714 diligenter
1651 2679 1800 2706 Ecclesiam

1006 2735 1148 2761 sequamur
1157 2731 1183 2754 et
1191 2726 1327 2753 caritatem
1336 2734 1366 2753 ac
1377 2734 1468 2761 pacem
1479 2725 1601 2752 omnibus
1611 2725 1782 2759 prarferamus
1792 2745 1796 2749 .

1007 2772 1080 2799 Licet
1094 2772 1164 2799 enim
1178 2771 1296 2799 Ecclesia
1311 2772 1444 2799 falleretur
1454 2792 1461 2804 .
1482 2780 1534 2798 non
1550 2775 1649 2798 tantum
1663 2770 1749 2797 laudis
1764 2778 1798 2798 ac
1827 2772 1830 2775 '

1006 2819 1071 2846 lttcri
1085 2825 1117 2845 ex
1132 2822 1280 2852 temporum
1295 2823 1386 2845 exacta
1399 2819 1511 2850 ratione,
1529 2823 1654 2853 quantum
1669 2816 1796 2852 vituperii

1006 2871 1040 2890 ex
1055 2863 1182 2890 divisione
1195 2870 1226 2890 ac
1242 2863 1385 2891 schismate
1399 2868 1571 2897 nasceretur;
1584 2863 1640 2899 jam
1655 2869 1720 2891 vero
1735 2862 1794 2890 nul—
