2006 3124
235 115 281 142 871
591 118 611 148 5
641 116 778 146 JOANNIS
798 117 1035 145 (illiiYSOSTOMl
1055 117 1212 144 ARClllEP.
1234 117 1501 146 CONSTANTINOP.

238 177 290 204 lam
317 185 368 213 ego
386 177 516 212 temporis
531 177 663 204 rationein
690 175 792 208 habeo,
818 174 1031 209 quandoquidem

238 230 324 257 neque
337 222 417 250 habet
432 222 501 249 Deus
512 242 518 253 ,
535 221 756 257 quemadmodum
771 220 1010 247 demonstravimus
1023 240 1029 253 ,

237 276 297 296 cum
315 270 364 296 hac
378 269 412 296 de
426 276 455 296 re
474 269 548 296 multi
564 268 646 295 habili
666 268 763 295 fuerint
784 274 798 293 a
813 274 854 293 me
874 273 1028 293 sermones:

237 315 284 341 sed
304 322 384 342 unum
405 315 430 342 id
451 322 552 350 quaero,
569 319 596 342 ut
610 314 636 342 in
653 322 716 350 pace
729 313 924 348 concordiaque
937 318 1030 340 cuncta

236 360 375 392 faciamus,
394 369 428 388 ne
441 361 504 388 dum
523 368 571 388 nos
582 361 743 396 jejunamus,
760 368 790 387 ac
806 360 918 395 populus
932 360 1029 392 omnis,

232 410 258 432 et
278 413 373 440 preces
391 414 437 440 pro
455 412 584 434 terrarum
599 407 664 434 orbe
685 406 796 433 fundunt
814 405 985 438 Sacerdotes,
1003 410 1031 432 tu

233 450 359 478 ebrietati
374 451 444 478 domi
459 459 545 479 vaces.
563 452 655 487 Cogita
668 459 745 486 quam
756 451 807 478 hoc
822 451 1030 493 sitpperationis

236 495 375 524 diabolicm
387 517 395 530 ,
410 505 458 524 nec
472 505 553 524 unum
567 498 654 524 solum
666 518 674 530 ,
689 504 738 524 nec
750 497 802 524 duo
815 518 822 529 ,
836 505 885 523 nec
900 497 947 523 :ria
961 517 967 528 ,
983 495 1030 523 sed

237 543 319 570 multo
335 543 407 577 plura
426 549 531 578 peccata
543 551 632 571 secum
648 545 743 570 trahat.
756 544 777 570 A
789 551 869 578 grege
883 548 908 570 te
919 542 1028 574 divellit,

237 593 263 614 et
276 586 375 622 efﬁcit,
391 594 418 616 ut
441 595 493 616 tam
514 590 611 617 multos
625 589 720 616 Patres
730 590 907 621 condemnes,
923 589 947 615 iu
963 596 1029 616 con-

237 633 369 661 tentiones
385 635 546 669 pra-emitti,
566 634 598 661 ad
612 634 718 662 Judzeos
737 633 862 668 expellit,
877 634 1028 661 scandalum

237 683 264 707 tc
279 687 370 707 rursus
383 685 409 707 et
422 681 576 708 domesticis
597 686 623 708 et
636 681 730 708 alienis
744 681 876 715 proponit.
891 681 941 714 Qui
956 689 1029 707 natu-

237 731 289 758 quc
303 726 449 759 poterimus
463 725 521 753 illos
535 726 730 760 reprehendere
742 747 750 759 ,
765 726 786 753 si
800 726 872 753 domi
886 731 1028 758 maneant,

237 776 296 796 cum
312 774 338 796 tu
352 771 384 797 ad
400 770 460 798 illos
473 771 586 798 curras?
604 771 696 806 Neque
717 779 781 798 vero
793 771 851 798 haec
869 771 953 798 solum
967 779 1029 805 pce-

236 819 295 842 cata
310 820 388 848 sunt,
405 817 451 844 sed
467 817 537 851 quod
552 825 675 852 maguum
689 818 877 845 detrimentum
892 818 1011 852 capiatur
1021 839 1027 849 ,

236 867 296 888 cum
310 869 396 896 neque
409 862 553 896 Scripturis
563 884 570 895 ,
588 871 673 898 neque
686 864 868 896 concionibus,
882 871 967 898 neque
982 864 1028 891 be-

237 906 387 934 nedictione
400 928 408 941 ,
432 915 518 943 neque
538 909 724 936 communibus
745 909 868 943 precibus
883 909 907 935 in
920 909 1029 943 jejuniis

239 952 291 979 illis
305 953 419 986 fruaris,
441 954 488 981 sed
503 961 563 981 cum
578 962 657 989 prava
678 954 840 982 conscientia
864 958 947 981 totum
966 955 1028 981 illud

236 1001 341 1032 tempus
356 998 478 1025 traducas
488 1019 496 1032 ,
511 1002 633 1027 metuens
644 1006 675 1026 ac
688 1004 819 1032 tremens,
833 1007 865 1026 ne
878 1000 1028 1035 deprehen-

235 1042 307 1069 daris
319 1048 452 1077 tamquam
465 1043 613 1079 alienigena
628 1044 734 1079 quidam
748 1049 774 1072 et
788 1046 951 1080 peregrinus,
968 1053 1028 1073 cum

236 1093 262 1116 te
274 1093 410 1123 oporteret
423 1096 483 1116 cum
505 1090 598 1117 ﬁducia
625 1095 652 1118 et
666 1091 801 1126 voluptate
813 1112 820 1124 ,
837 1099 897 1118 cum
918 1091 1008 1119 ltetitia
1021 1113 1028 1124 ,

235 1142 295 1161 cum
310 1135 384 1162 omni
398 1135 520 1163 libertate
535 1136 630 1168 simul,
645 1144 706 1164 cum
720 1137 839 1165 Ecclesia
851 1142 946 1164 cuncta
967 1146 1027 1172 per-

235 1179 325 1207 licere.
348 1179 441 1215 Neque
461 1181 532 1208 enim
547 1181 668 1209 Ecclesia
683 1187 802 1209 exactam
819 1182 948 1209 rationem
964 1186 1030 1209 tem-

235 1232 330 1259 porum
351 1225 438 1252 novit:
455 1225 501 1253 sed
516 1227 640 1261 quoniam
662 1227 696 1254 ab
709 1228 783 1254 initio
798 1227 920 1254 Patribus
942 1227 1027 1255 visum

1826 119 1880 146 872

1085 179 1126 201 est
1140 172 1200 200 loco
1219 174 1318 201 dissitis
1338 173 1415 201 simul
1431 173 1573 201 convenire
1586 195 1592 203 ,
1617 179 1695 208 atque
1720 174 1789 201 hunc
1806 175 1878 201 diem

1084 220 1197 248 deﬁnire
1208 241 1215 254 ,
1231 228 1391 248 consensum
1407 221 1505 255 ubique
1520 221 1624 255 plurimi
1639 220 1739 248 faciens
1750 242 1756 253 ,
1772 225 1800 248 et
1814 230 1883 247 cno-

1083 267 1201 296 cordiam
1217 268 1330 302 diligens
1342 289 1349 300 ,
1365 268 1434 302 quod
1449 267 1601 294 mandatum
1626 267 1675 295 fuit
1689 267 1810 302 amplexa
1829 273 1882 294 est.

1082 314 1153 341 Fieri
1168 315 1265 349 quippe
1278 321 1329 340 non
1345 320 1423 348 posse
1434 334 1441 346 ,
1458 317 1486 340 ut
1501 313 1542 340 vel
1558 321 1606 340 nos
1623 313 1665 340 vel
1680 321 1741 345 vos,
1757 314 1797 339 vel
1809 313 1884 339 alius

1082 360 1168 394 quivis
1181 361 1264 394 ipsum
1278 359 1439 386 domiuieutn
1452 359 1522 386 diem
1534 364 1699 394 asscquatur,
1715 358 1885 386 sufﬁcienter

1083 410 1124 432 est
1142 406 1167 432 in
1184 405 1395 440 praecedentibus
1417 406 1640 432 demonstratum.
1662 404 1699 432 Ne
1715 405 1793 440 igitur
1817 411 1883 431 cum

1083 451 1177 477 umbra
1192 450 1367 485 digladientur
1379 472 1385 483 ,
1400 458 1487 486 neque
1501 451 1535 478 de
1551 450 1630 478 rebus
1645 450 1795 485 vulgaribus
1809 458 1884 477 cono

1083 496 1220 523 tendentes
1234 497 1260 523 in
1278 498 1379 532 magnis
1391 504 1440 523 nos
1453 497 1524 531 ipsos
1539 496 1677 523 ltcdamus.
1692 496 1756 523 Nam
1771 495 1822 523 hoc
1835 496 1882 523 vel

1083 541 1127 568 illo
1143 545 1261 576 tempore
1280 542 1516 577 jejunarenullum
1530 547 1571 569 est
1589 543 1689 569 crimen
1709 551 1715 568 :
1731 542 1884 569 Ecclesiam

1085 592 1175 613 autem
1189 587 1325 619 dividere,
1340 595 1371 614 ac
1386 588 1600 614 contentionibus
1615 595 1720 619 vacare,
1734 592 1760 614 et
1774 587 1885 614 discor-

1082 633 1138 660 dias
1150 641 1240 660 serere
1253 655 1259 666 ,
1278 642 1359 669 seque
1376 642 1452 661 sacro
1464 639 1594 662 conventu
1610 639 1736 669 perpetuo
1752 634 1861 669 privare
1874 655 1882 667 ,

1081 679 1159 706 venia
1175 684 1259 712 caret,
1274 680 1461 707 criminatione
1475 680 1593 715 dignum,
1610 685 1637 707 et
1650 679 1733 706 multo
1747 680 1884 714 supplicio

1081 728 1122 751 est
1136 724 1290 752 obnoxium.
1306 726 1343 752 Ac
1358 729 1479 759 poterant
1493 725 1598 760 quidem
1618 725 1691 760 plura
1706 724 1768 757 dici,
1784 732 1882 751 verum

1082 771 1114 798 iis
1127 772 1171 805 qui
1185 771 1278 798 attenti
1300 770 1416 804 fuerint,
1433 779 1463 798 ea
1487 779 1544 806 qua:
1559 770 1614 806 jam
1630 775 1693 798 sunt
1710 771 1781 798 dicta
1802 770 1885 798 suffi-

1081 816 1169 843 ciunt:
1185 816 1272 842 minus
1285 817 1392 843 attentis
1406 821 1509 851 autem,
1521 825 1607 852 neque
1621 817 1643 844 si
1659 817 1733 851 plura
1745 816 1882 849 dicantur,

1082 863 1223 897 quidquam
1240 863 1369 897 proderit.
1392 863 1520 897 Quocirca
1543 863 1623 890 ﬁnem
1646 864 1690 891 hic
1711 863 1815 890 dicendi
1843 862 1884 889 fa—

1081 908 1183 936 eicntes
1196 916 1289 936 omnes
1303 909 1381 936 simul
1396 909 1491 936 fratres
1503 915 1609 936 nostros
1621 917 1728 936 oremus
1742 914 1771 936 ut
1782 908 1814 935 ad
1830 916 1883 935 nos

1082 955 1211 989 redeant,
1227 960 1255 982 et
1268 963 1360 990 pacem
1376 956 1584 990 atupleetantur,
1600 955 1633 982 ab
1648 956 1796 989 importuna
1811 963 1882 981 cou-

1082 1000 1199 1027 tentionc
1213 1001 1359 1034 discedant,
1377 1005 1403 1028 et
1418 1001 1458 1028 his
1478 1002 1584 1036 ineptiis
1605 1001 1733 1036 neglectis
1757 1005 1883 1028 utentem

1082 1050 1109 1072 et
1124 1047 1310 1081 cogitationem
1334 1047 1474 1079 attollant,
1500 1052 1578 1082 atque
1593 1055 1607 1074 a
1622 1052 1770 1082 temporum
1786 1047 1884 1074 obser-

1083 1091 1188 1119 vatione
1210 1092 1355 1120 liherentur
1366 1113 1373 1125 ,
1396 1098 1424 1120 ut
1447 1101 1499 1120 uno
1514 1101 1606 1121 omnes
1619 1093 1709 1120 animo
1728 1098 1808 1127 atque
1825 1100 1886 1119 uno

1082 1146 1129 1165 ore
1143 1139 1323 1174 gloriﬁccmus
1336 1140 1419 1166 Deum
1434 1145 1461 1167 et
1475 1140 1579 1167 Patrem
1596 1140 1700 1168 Domini
1716 1140 1798 1167 nostri
1811 1139 1883 1167 Jesu

1083 1183 1196 1216 Christi,
1211 1185 1251 1212 cui
1265 1185 1349 1219 gloria
1364 1190 1390 1212 et
1403 1185 1544 1220 imperium
1558 1194 1628 1214 nunc
1647 1191 1674 1214 et
1687 1193 1794 1220 semper
1807 1189 1837 1212 et
1853 1185 1884 1212 in

1083 1229 1179 1256 smcula
1191 1230 1361 1258 smeulorum.
1381 1232 1477 1258 Amen.

236 1293 1881 1309 Ἣ

265 1329 426 1361 CONTRA
440 1331 601 1362 JUDJEOS
616 1332 657 1362 IN
679 1332 805 1363 TUBAS
828 1332 1045 1363 PASCHATIS
1067 1333 1219 1372 EORUM,
1242 1336 1474 1368 ANTIOCHIIE
1496 1339 1647 1370 HABITA
1671 1341 1710 1370 ΙΝ
1731 1341 1882 1371 MAGNA

935 1382 1126 1414 ECCLESIA
1139 1384 1160 1414 ‘.

941 1456 1150 1490 mm

521 1529 619 1550 onano
634 1531 747 1555 QUARTA.

271 1596 297 1625 l.
314 1598 418 1626 Rursus
432 1599 551 1628 infelices
562 1600 599 1628 illi
614 1602 818 1637 mortalinmque
837 1603 957 1630 omnium
979 1605 1029 1631 mi-

234 1643 340 1670 serrimi
351 1643 436 1671 Judazi
447 1644 590 1679 jejunaturi
604 1650 665 1672 sunt
681 1655 687 1672 :
703 1654 796 1673 rursus
809 1646 906 1674 Christi
921 1655 1028 1684 gregem

235 1688 387 1716 muniamus
398 1697 509 1717 necesse
531 1695 581 1717 est.
607 1690 826 1726 Quandoquidem
850 1697 877 1720 et
897 1699 1027 1728 pastores,

234 1733 361 1768 quamdiu
377 1734 457 1761 noxia
471 1735 556 1762 bestia
570 1736 680 1762 molesta
692 1744 744 1764 non
756 1741 806 1770 est,
823 1738 873 1766 sub
886 1739 973 1766 ilicem
985 1745 1030 1767 aut

236 1779 364 1814 populum
379 1780 504 1814 porrecti,
517 1779 604 1807 ﬁstula
620 1787 728 1815 canunt,
740 1782 857 1811 sinentes
870 1791 934 1812 oves
947 1785 1030 1813 libere

235 1832 284 1860 pro
296 1832 345 1852 suo
356 1826 484 1853 arbitratu
501 1824 610 1861 pascere
624 1836 631 1854 :
646 1835 736 1855 verum
748 1829 826 1856 simul
841 1834 919 1865 atque
932 1838 1026 1858 sense-

235 1870 288 1897 rint
310 1871 432 1898 alicunde
453 1871 574 1906 luporum
594 1873 772 1901 incursionem
797 1875 947 1908 imminere,
968 1884 1028 1904 mox

234 1916 338 1951 abjecla
352 1917 449 1950 ﬁstula,
463 1917 569 1945 fundam
588 1919 729 1954 arripiunt,
748 1925 775 1948 et
793 1921 893 1948 omisso
914 1922 1027 1954 calamo,

234 1962 347 1991 fustibus
360 1968 387 1991 et
399 1965 470 1991 saxis
485 1964 623 1993 obarmant
637 1973 706 1999 sese,
729 1974 829 2001 proque
854 1967 915 1994 ovili
939 1968 1028 1995 consi-

234 2013 346 2042 stentes,
356 2017 454 2045 magno
467 2010 595 2044 clamore,
609 2011 761 2046 ingentique
772 2013 871 2039 ulttlatu
883 2013 1030 2041 vociferan-

235 2059 285 2085 tes,
301 2055 455 2089 frequenter
465 2055 523 2090 ipso
537 2056 654 2084 clamore
666 2057 759 2090 feram,
770 2058 923 2092 priusquam
938 2059 1030 2085 irrum-

234 2104 290 2133 pat,
305 2099 428 2134 abigunt.
452 2100 544 2128 Itidem
564 2107 591 2128 et
612 2109 661 2128 nos
684 2102 866 2136 superioribus
884 2103 979 2131 diebus
1004 2105 1028 2132 in

235 2145 383 2179 Scriptura,
399 2145 471 2172 velut
490 2146 515 2172 in
541 2149 628 2180 prato,
650 2146 771 2174 ludentes
795 2147 960 2183 choreasque
980 2149 1030 2175 du~

235 2196 337 2224 centes,
353 2191 418 2218 nihil
433 2191 458 2218 in
472 2193 639 2219 enarratione
652 2193 786 2227 attigimus
803 2195 960 2223 cor-tentiosi
974 2203 1029 2223 ser-

235 2237 341 2264 monis:
359 2244 392 2264 eo
401 2236 472 2272 quod
485 2237 573 2264 nullus
590 2242 671 2270 esset,
693 2238 737 2272 qui
763 2238 841 2266 nobis
863 2239 1026 2274 obturbaret,

233 2287 280 2310 aut
303 2282 432 2310 molestus
451 2287 532 2310 esset.
555 2282 688 2310 Caeterum
710 2285 834 2318 quoniam
860 2284 938 2313 hodie
960 2286 1029 2322 lupis

235 2329 360 2356 omnibus
370 2329 496 2355 saeviores
512 2328 597 2355 Judaei
620 2336 684 2356 oves
707 2330 783 2357 nobis
804 2330 1027 2360 circumvallaturi

235 2379 307 2406 sunt,
317 2374 350 2401 ad
366 2381 468 2408 pugnos
481 2378 508 2400 et
528 2381 642 2408 pugnam
664 2375 834 2410 accingamur
852 2381 968 2411 oportet,
995 2386 1028 2406 ne

234 2419 297 2454 quid
314 2419 389 2447 nobis
407 2424 526 2454 ereptum
552 2420 628 2448 cedat
651 2421 677 2448 in
701 2422 817 2455 prccdam
840 2423 966 2451 ferarum.
990 2424 1029 2451 Nc

235 2473 298 2492 vero
315 2465 412 2492 mirum
435 2465 510 2492 vobis
534 2465 671 2499 videatur,
692 2467 712 2494 si
733 2475 792 2495 cum
815 2468 943 2503 jejunium
963 2470 1027 2497 illud

235 2515 296 2543 post
309 2509 401 2537 decem
418 2515 445 2537 et
459 2518 491 2538 eo
505 2511 618 2546 amplius
629 2511 686 2540 dies
700 2518 840 2540 venturum
864 2515 908 2547 sit,
926 2523 973 2542 nos
994 2515 1028 2543 ab

235 2556 287 2583 hoc
301 2556 390 2583 statim
403 2561 521 2592 tempore
531 2559 665 2586 munitnns
675 2563 701 2586 et
713 2567 846 2588 armamus
861 2561 962 2589 animas
980 2570 1027 2590 ve-

235 2608 305 2631 stras
319 2611 325 2629 :
340 2603 553 2638 quandoquidem
567 2609 595 2632 et
608 2605 676 2632 inter
690 2606 819 2641 agricolas
829 2607 873 2642 qui
888 2608 1027 2642 vigilantes

233 2655 262 2679 et
275 2649 397 2677 industrii
413 2654 484 2683 sunt,
501 2657 562 2678 cum
576 2650 674 2679 habent
685 2651 799 2679 vicinum
814 2657 969 2687 torrentem,
982 2654 1026 2689 qui

267 2739 330 2770 [Sic
343 2743 394 2764 tres
407 2742 471 2769 Mss;
484 2743 629 2770 postremam
637 2745 697 2764 vero
713 2743 806 2770 partem
819 2740 888 2769 tituli,
899 2740 1028 2766 antiochus:

235 2768 351 2802 habiturn
370 2776 457 2802 magna
471 2768 586 2802 ecclesia,
606 2771 681 2796 habet
699 2768 771 2795 etiam
786 2771 855 2796 savil.
875 2775 900 2796 tu
922 2773 1027 2796 editione

233 2799 306 2855 Morti!
325 2799 430 2832 legitur]
452 2800 560 2832 ejusdem
571 2805 654 2827 contra
665 2801 763 2828 Jude
773 2802 848 2828 oratio
861 2807 899 2833 Il,
921 2807 947 2828 et.
970 2803 1027 2828 nihil

237 2838 286 2858 pra;
300 2838 368 2858 erea.

236 2838 368 2862 prtetcrea.

1083 1531 1171 1560 vexat,
1185 1527 1313 1563 lteditque
1323 1534 1450 1563 segetem,
1463 1537 1516 1557 non
1527 1530 1686 1558 adventante
1709 1531 1808 1565 hieme,
1829 1534 1880 1560 sec

1081 1577 1186 1609 tempus
1199 1574 1262 1602 illud
1277 1580 1468 1610 prmvertentcs
1483 1581 1510 1603 et
1524 1577 1595 1611 ripas
1615 1578 1765 1612 ohsepiunt,
1782 1584 1810 1606 et
1830 1587 1881 1614 ag-

1080 1627 1157 1654 geres
1170 1620 1284 1656 erigunt,
1299 1626 1326 1648 et
1341 1621 1425 1649 fossas
1438 1627 1529 1657 agunt,
1551 1623 1665 1658 denique
1683 1624 1770 1650 modis
1784 1626 1879 1652 omni-

1081 1665 1131 1692 bus
1145 1674 1204 1693 sese
1221 1667 1510 1702 prazparantadversus
1531 1669 1657 1695 torrentis
1679 1668 1794 1696 futuram
1816 1671 1880 1696 vio-

1081 1711 1201 1738 lentiam.
1219 1712 1284 1739 Dum
1299 1713 1369 1740 enim
1384 1713 1544 1748 tranquillus
1563 1719 1614 1746 est,
1634 1718 1713 1749 atque
1732 1720 1878 1750 angustus,

1081 1755 1160 1784 facile
1173 1761 1214 1784 est
1227 1757 1263 1784 illi
1283 1757 1406 1785 admoliri
1432 1766 1526 1786 manus
1553 1768 1560 1785 :
1586 1767 1677 1786 verum
1700 1766 1878 1796 posteaquam

1081 1801 1204 1834 increvit,
1214 1803 1351 1838 multoque
1364 1811 1493 1839 aquarum
1510 1805 1609 1840 impetu
1628 1805 1711 1832 fertur
1728 1806 1876 1839 violentus.

1081 1856 1135 1876 non
1161 1849 1272 1884 perinde
1293 1849 1370 1878 facile
1390 1855 1430 1878 est
1453 1851 1598 1878 exundanti
1617 1852 1758 1880 obsistere.
1780 1853 1878 1888 EOque

1081 1895 1166 1922 multo
1180 1900 1242 1923 ante
1265 1901 1384 1931 tempore
1409 1897 1575 1931 praeveniunt
1598 1898 1668 1925 illius
1691 1899 1874 1933 erttplionem,

1081 1941 1257 1976 undequaque
1270 1947 1451 1977 prmparantes
1468 1943 1595 1977 quidquid
1608 1951 1686 1978 agros
1704 1945 1787 1979 possit
1801 1949 1877 1973 tutos

1081 1987 1204 2015 reddere.
1214 1987 1258 2015 Sic
1267 1992 1294 2015 et
1305 1988 1404 2015 milites
1414 1993 1442 2015 et
1456 1993 1554 2020 nautae,
1569 1993 1597 2016 et
1609 1990 1743 2024 agricolae,
1758 1995 1785 2017 et
1799 1999 1877 2018 mes-

1080 2042 1155 2062 sores
1172 2034 1260 2062 facere
1280 2039 1486 2062 consueverunt.
1506 2035 1642 2070 Siquidem
1666 2037 1764 2063 milites
1781 2037 1876 2071 prius-

1080 2087 1159 2114 quam
1174 2080 1263 2107 veniat
1282 2080 1414 2115 pugnandi
1436 2084 1549 2115 tempus.
1570 2087 1596 2108 et
1612 2081 1747 2108 thoracem
1765 2082 1876 2110 abster-

1080 2131 1155 2160 gunt.
1173 2131 1199 2153 et
1212 2130 1314 2154 scuttttn
1330 2126 1561 2160 circumspiciunt,
1577 2131 1604 2154 et
1626 2126 1715 2154 frenos
1730 2134 1874 2162 apparaut,

1080 2176 1107 2199 et
1121 2179 1204 2207 equos
1218 2172 1290 2199 omni
1308 2172 1445 2207 diligentia
1464 2172 1593 2203 nutriunt,
1613 2177 1764 2207 catteraqne
1781 2175 1874 2201 omnia

1081 2222 1153 2245 recte
1166 2217 1359 2252 diligenterque
1371 2221 1476 2245 curant.
1492 2217 1620 2244 Similiter
1634 2222 1661 2245 et
1676 2223 1764 2246 nauta:
1782 2220 1876 2253 prius-

1080 2271 1159 2297 quam
1172 2264 1259 2290 navim
1272 2265 1296 2290 in
1313 2267 1418 2298 portum
1429 2263 1579 2297 detrahant,
1598 2268 1624 2291 et
1645 2265 1762 2291 carinam
1786 2272 1876 2299 appa-

1081 2315 1190 2342 rant,et
1203 2310 1352 2337 instaurant
1371 2309 1464 2342 latera,
1486 2315 1513 2337 et
1534 2317 1623 2337 remos
1641 2310 1742 2343 dolant,
1762 2315 1789 2337 et
1813 2312 1876 2339 vela

1080 2356 1276 2387 coasareinant,
1294 2355 1410 2390 deniqttc
1430 2355 1557 2390 quidquid
1580 2359 1708 2389 praeterea
1732 2355 1766 2383 ad
1789 2356 1877 2384 totius

1080 2402 1155 2428 navis
1167 2405 1327 2428 armaturam
1341 2401 1466 2435 pertinet,
1482 2400 1623 2435 diligenter
1637 2405 1780 2428 accurant:
1797 2409 1876 2428 mes-

1079 2454 1155 2474 sores
1173 2446 1235 2474 item
1257 2446 1347 2473 multis
1365 2451 1427 2472 ante
1443 2446 1537 2473 diebus
1558 2451 1585 2474 et
1606 2446 1688 2474 falces
1712 2452 1821 2478 acuunt,
1847 2453 1872 2475 et

1079 2501 1167 2521 aream
1184 2496 1348 2528 prmparant,
1374 2493 1456 2520 boves
1481 2493 1544 2520 item
1564 2497 1592 2520 et
1610 2500 1729 2526 currum,
1754 2494 1873 2522 breviter

1079 2540 1205 2575 quidquid
1218 2539 1283 2573 ipsis
1295 2538 1328 2565 ad
1341 2545 1457 2566 messem
1471 2543 1498 2566 et
1511 2536 1630 2565 trituram
1646 2538 1814 2566 conducibile
1825 2539 1874 2573 jn-

1079 2585 1176 2613 dicant.
1191 2585 1247 2612 lmo
1260 2584 1351 2612 videas
1378 2591 1472 2611 omnes
1496 2583 1629 2616 homines,
1653 2584 1675 2610 si
1693 2583 1756 2619 quid
1779 2591 1874 2611 rerum

1079 2633 1209 2668 agendum
1223 2636 1274 2664 est,
1288 2632 1363 2666 prius
1373 2630 1461 2658 adeas
1476 2635 1633 2665 apparatum
1653 2630 1751 2663 facere,
1768 2636 1796 2658 ut
1809 2639 1873 2659 cum

1079 2680 1218 2707 advenerit
1232 2679 1269 2706 rei
1284 2677 1408 2714 gerenda:
1419 2683 1534 2713 tempus,
1547 2677 1623 2705 facile
1638 2677 1789 2710 conﬁciant,
1799 2679 1873 2713 quod

1079 2730 1120 2753 est
1132 2733 1209 2760 opus.

1115 2781 1262 2809 Juda'orum
1274 2781 1402 2817 jejunium
1415 2780 1530 2815 impium.
1551 2794 1586 2800 —
1606 2779 1659 2806 llos
1677 2779 1756 2814 igitur
1773 2784 1799 2805 et
1821 2786 1875 2806 nos

1081 2829 1223 2862 imitantes,
1242 2828 1333 2855 multis
1355 2834 1418 2855 ante
1440 2826 1534 2854 diebus
1553 2824 1747 2860 prmmunimus
1764 2825 1874 2852 animas
