2043 3116
214 72 266 100 875

193 135 306 162 vestras,
319 127 492 156 exhortantes
506 132 565 158 vos,
580 127 609 152 ut
625 123 736 158 impium
760 121 811 149 hoc
832 121 985 149 Iuda-orum

195 180 222 203 et
244 175 402 202 sceleratum
412 171 543 208 jejunium
559 170 676 205 fugiatis.
690 169 783 203 Neque
805 168 875 196 enim
897 168 932 194 ita
945 168 987 195 di-

195 219 413 255 xeris,jejunant
425 227 431 244 :
450 217 513 253 quin
526 216 614 251 potius
627 215 692 242 illud
705 214 769 241 mihi
781 213 924 246 ostendito,
940 220 988 240 eos

195 276 227 294 ex
253 267 298 294 Dei
321 265 452 293 sententia
477 263 610 299 jejunare.
631 262 705 295 Quod
733 261 759 288 ni
783 261 808 288 id
825 260 878 293 fiat,
895 261 988 295 quavis

196 313 324 340 ebrietate
338 310 495 338 sceleratius
506 313 547 337 est
556 308 697 343 jejunium.
711 307 803 342 Neque
816 306 887 334 enim
901 306 990 341 solum

197 357 420 386 Considerandum
442 355 568 390 estquid
591 354 624 381 ab
648 354 707 381 istis
729 353 785 385 ﬁat,
809 361 902 380 verum
924 352 988 380 illud

197 404 276 431 ctiam
289 402 495 435 observandum,
512 409 589 436 quam
603 400 637 428 ob
649 407 755 428 causam
771 399 879 426 faciant.

235 449 276 476 Ea:
289 449 417 475 voluntate
431 447 479 474 Dei
493 452 547 473 tum
561 446 652 473 bonum
675 450 726 472 tum
747 445 842 471 malum
861 444 988 480 penditur.

199 495 350 522 ——Etenim
371 493 442 528 quod
462 492 491 519 fit
509 493 584 527 juxta
604 491 650 518 Dci
671 491 845 523 voluntatem,
869 489 991 524 quamvis

201 541 320 568 videatur
335 539 483 575 improbum
500 545 570 569 esse,
582 536 699 564 omnium
712 536 841 570 optimum
855 539 904 562 est.
919 535 990 562 Con-

201 593 252 618 tra,
264 586 334 622 quod
349 586 378 613 fit
391 589 487 621 prmter
500 584 548 612 Dei
566 583 729 610 voluntatem
750 586 777 609 et
791 581 927 616 placitum,
941 580 991 608 etsi

202 637 311 668 putetur
322 631 462 666 optimum,
482 634 570 657 tamen
594 633 636 656 est
658 627 776 654 omnium
796 626 942 662 pessimum
966 630 993 652 et

203 678 407 714 iniquissimum.
422 677 507 704 Etiam
519 676 541 702 si
552 675 611 710 quis
625 674 729 702 occidat
739 673 885 706 hominem,
899 672 933 700 ita
947 679 994 699 vo-

203 727 274 752 lente
285 725 348 756 Deo,
366 725 458 759 quavis
471 723 636 750 humanitate
648 721 743 748 melius
757 725 798 747 est
816 719 866 747 hoc
881 719 994 746 homici-

203 773 286 800 dium.
302 771 406 798 Rursus
421 770 443 797 si
459 769 518 805 quis
533 773 633 804 parcat,
650 772 677 794 et
691 767 862 794 humanitatis
877 765 993 794 officium

203 818 341 846 collocarit
353 818 380 844 in
394 817 545 852 quempiam
558 819 654 850 prmtcr
671 814 716 841 Dei
740 813 910 844 sententiam,
927 818 993 846 qua-

204 866 243 892 vis
254 865 328 892 cmde
341 863 498 892 sceleratior
511 866 551 889 est
570 862 628 889 hare
646 859 819 895 indulgentia.
841 859 899 886 Non
923 858 996 885 enim

205 913 261 946 ipsa
276 918 363 938 rerum
379 915 472 937 natura
489 909 550 935 facit
570 913 597 935 ut
619 907 712 935 eadem
732 906 773 934 vel
795 905 863 933 bona
882 905 935 932 sint
955 904 996 931 vel

206 959 284 988 mala,
299 957 344 985 sed
360 956 407 983 Dei
420 955 555 990 placitum.

240 1003 267 1029 ἓ.
288 1002 323 1030 Ut
345 1006 433 1028 autem
466 1000 598 1034 intelligas
625 998 676 1025 hoc
702 1004 762 1025 esse
785 1004 896 1028 verum,
923 994 995 1022 audi.

207 1050 307 1080 Achab,
321 1055 381 1075 cum
395 1054 484 1082 regem
497 1045 638 1081 quemdam
651 1043 779 1079 Syrorum
794 1042 917 1076 cepisset,
930 1047 996 1067 con-

207 1101 245 1122 tra
259 1095 304 1122 Dei
317 1095 480 1121 voluntatem
494 1092 567 1119 dedit
580 1092 677 1123 vitam,
702 1094 729 1116 et
746 1095 854 1116 assessu
876 1087 998 1121 dignatus

207 1147 258 1173 est,
272 1141 387 1175 denique
402 1140 483 1166 multa
501 1146 560 1166 cum
583 1135 783 1164 honorificentia
804 1134 915 1161 dimisit.
939 1133 998 1159 Mox

208 1187 337 1222 propheta
350 1186 480 1221 quispiam
490 1184 630 1216 accedens,
640 1182 706 1209 dixit
720 1182 752 1208 ad
766 1181 815 1207 sibi
831 1179 999 1215 proximum:

209 1234 241 1261 In
253 1241 366 1261 sermone
383 1231 484 1258 Domini
498 1234 597 1266 percute
615 1236 674 1261 me;
697 1227 741 1255 ille
761 1235 818 1254 vero
840 1225 920 1252 noluit
944 1232 1001 1251 eum

209 1286 347 1316 perculere.
363 1279 435 1306 Dixit
450 1279 527 1314 igitur
540 1277 574 1303 ad
591 1276 663 1303 illum
677 1274 734 1303 :Eo
744 1273 811 1310 quod
833 1281 882 1299 non
907 1270 1002 1298 audisti

209 1334 293 1353 uocent
305 1324 418 1356 Domini,
433 1332 488 1351 ecce
502 1328 528 1349 tu
542 1322 640 1349 recedes
652 1329 667 1347 a
680 1329 729 1352 me,
744 1323 766 1346 et
780 1318 901 1355 percutiet
915 1321 938 1343 te
952 1316 1000 1343 leo.

212 1372 330 1399 Discessit
344 1371 375 1397 ab
389 1371 442 1403 illo,
456 1375 479 1396 et
493 1369 585 1404 reperit
598 1376 652 1395 eum
665 1367 712 1399 leo,
729 1370 752 1393 et
765 1364 896 1400 percussit.
912 1363 947 1390 Ac
960 1371 1002 1389 rc-

211 1418 273 1453 pcrit
287 1417 367 1443 alium
381 1415 524 1447 hominem,
538 1414 578 1441 cui
593 1413 656 1440 dixit
669 1421 676 1440 ι
694 1414 804 1440 Percute
813 1418 862 1437 me.
887 1408 921 1436 Et
944 1416 1002 1443 per-

211 1464 288 1490 cussit
307 1471 364 1490 eum
385 1462 459 1488 homo
480 1461 534 1493 ille,
556 1460 744 1493 vulneravitque
761 1466 827 1489 eum,
848 1465 877 1483 ac
895 1455 938 1482 ille
958 1455 1004 1481 sibi

211 1508 328 1542 obligavit
352 1507 441 1542 faciem
464 1506 501 1542 (5.
518 1505 581 1540 Reg.
595 1504 640 1532 20.
665 1504 773 1538 55-58).
793 1502 862 1535 Quid
880 1501 931 1528 hoc
946 1506 1004 1527 stu-

213 1561 277 1588 pore
288 1553 393 1586 dignius
409 1552 464 1578 lieri
489 1550 591 1586 possit?
613 1549 662 1583 Qui
684 1548 816 1584 percussit
835 1546 1003 1582 prophetam,

212 1599 298 1626 evasit
312 1597 526 1632 incolumis:qui
548 1596 677 1631 pepercit,
699 1594 772 1621 dedit
796 1600 888 1628 poenas
902 1601 909 1620 :
925 1592 1004 1618 nimi-

213 1653 271 1671 rum
288 1648 317 1671 ut
339 1643 518 1678 intelligeres,
541 1642 565 1669 in
585 1641 666 1676 jussis
689 1639 785 1666 divinis
807 1646 859 1664 non
880 1642 1006 1672 oportere

213 1690 349 1717 curiosum
360 1697 431 1721 esse,
443 1689 651 1722 examinat-eque
661 1693 752 1713 rerum
772 1692 831 1719 quae
845 1683 1005 1718 praecipiun-

215 1741 259 1764 tur
283 1740 421 1769 naturam,
445 1736 492 1763 sed
521 1734 586 1762 nihil
611 1733 682 1760 aliud
708 1739 787 1768 quam
810 1732 1005 1765 obtemperare.

215 1784 321 1811 Etenim
338 1790 372 1810 ne
387 1783 460 1817 prior
473 1782 518 1809 ille
533 1782 634 1808 veritus
649 1783 772 1814 parceret
789 1778 936 1813 prophctte,
955 1783 1007 1803 non

215 1829 281 1857 dixit
293 1829 328 1856 illi
339 1828 505 1863 simpliciter,
527 1829 638 1859 Percute
650 1835 701 1859 me,
717 1824 764 1852 sed
780 1823 891 1855 addidit,
906 1822 940 1849 1n
955 1830 1008 1849 ser—

215 1884 289 1903 mone
300 1874 403 1901 Domini
417 1881 425 1900 :
437 1874 488 1900 hoc
500 1877 550 1905 est,
567 1872 639 1899 Deus
653 1870 789 1906 prtccepit,
805 1870 844 1897 Ne
858 1875 948 1903 quaere
965 1867 1008 1895 ul-

217 1922 301 1949 terius
319 1929 325 1947 :
341 1920 398 1947 Rex
407 1924 448 1946 est
460 1918 504 1953 qui
517 1918 588 1945 itane
597 1916 749 1952 prmscribit
762 1916 845 1949 legem
861 1914 1010 1942 :Reverere

215 1967 333 2003 jubentis
346 1966 545 1998 auctoritatem,
558 1970 716 1998 summaque
731 1969 792 1989 eum
816 1960 897 1988 animi
920 1966 1009 1995 prom-

217 2014 348 2049 ptitudine
355 2013 521 2046 obtempera.
532 2011 565 2037 At
574 2009 599 2036 id
614 2009 700 2035 facere
713 2015 765 2034 non
777 2005 912 2038 sustinuit,
925 2011 1010 2038 coque

218 2048 311 2095 pmnas
325 2057 591 2093 deditgravissimas,
607 2062 655 2082 suo
671 2053 795 2087 exemplo
815 2055 938 2087 posteros
961 2048 1011 2076 ad-

219 2107 340 2138 hortans,
352 2108 382 2131 ut
394 2102 520 2138 quidquid
536 2100 694 2137 praeceperit
711 2100 782 2126 Deus
793 2119 799 2131 ,
815 2097 840 2124 ei
857 2104 905 2131 per
921 2095 1010 2123 omnia

219 2153 436 2186 obtemperarent
448 2155 604 2183 moremque
616 2149 750 2183 gererent.
767 2145 832 2172 Dein
846 2151 905 2171 cum
921 2147 1012 2179 poste-

219 2200 274 2226 rior
293 2198 338 2225 ille
358 2195 534 2232 percussisset
550 2202 612 2221 eum
632 2198 660 2221 et
679 2192 860 2222 vulnerasset,
881 2188 1011 2225 propheta

219 2245 269 2273 sibi
284 2247 364 2279 caput.
375 2242 497 2270 obvinxit
510 2241 580 2273 loro,
591 2242 619 2267 et
628 2239 720 2267 oculos
730 2237 844 2268 obtexit,
860 2236 974 2271 denique
984 2234 1011 2261 in

218 2299 277 2318 eam
290 2290 407 2325 speciem
422 2296 482 2316 sese
503 2285 711 2318 transformavit,
729 2289 759 2312 ut
771 2293 786 2311 a
800 2283 907 2311 nemine
921 2285 1012 2317 posset

218 2337 336 2372 agnosci.
351 2335 432 2370 Cujus
442 2334 480 2361 rei
495 2334 579 2369 gratia
593 2332 645 2359 hoc
658 2331 808 2358 fecit'IErat
821 2329 1011 2363 redarguturus

219 2383 330 2417 Regem,
341 2386 368 2408 et
383 2380 541 2408 sententiam
558 2379 584 2406 in
596 2386 658 2406 eum
674 2378 776 2404 laturus
790 2376 825 2404 de
842 2375 928 2402 salute
942 2375 1012 2409 regis

219 2429 316 2465 Syria).
332 2428 357 2456 ls
370 2428 451 2463 igitur
464 2435 535 2460 cum,
553 2431 580 2453 ul
591 2430 649 2453 erat
668 2425 775 2459 impius,
791 2430 899 2458 semper
921 2421 1011 2449 odium

218 2475 344 2511 gessisset
362 2474 490 2501 adversus
505 2472 648 2507 prophetas
658 2492 665 2504 ,
681 2478 714 2498 ne
729 2473 901 2505 conspectum
924 2469 1011 2503 ipsum

217 2527 244 2548 et
265 2520 384 2556 agnitum
403 2520 436 2547 ab
457 2519 542 2547 oculis
562 2518 617 2545 suis
636 2517 815 2548 submoveret,
838 2522 923 2550 coque
943 2514 1012 2541 facto

218 2576 270 2594 non
291 2567 421 2601 reciperet
435 2566 644 2598 correctionem,
659 2563 731 2590 velut
745 2562 873 2597 propheta
893 2561 972 2588 simul
986 2565 1014 2588 et

220 2614 313 2640 faciem
324 2620 409 2645 suam,
421 2616 449 2639 et
461 2611 558 2646 negotii
572 2609 764 2642 narrationem,
776 2613 804 2635 ut
814 2612 840 2636 et
853 2607 902 2642 ipsi
912 2606 1013 2634 contin-

218 2662 292 2693 geret
312 2662 429 2692 potestas
448 2656 553 2683 dicendi
567 2663 625 2690 qua:
640 2655 757 2687 volebat,
772 2659 799 2681 et
813 2653 893 2689 Regis
907 2652 1012 2680 confes-

219 2705 321 2731 sionem
333 2706 513 2737 extorqueret.
528 2702 630 2729 Etenim
641 2708 702 2728 cum
717 2700 772 2727 Rex
789 2699 946 2734 pra-.teriret,
960 2698 1013 2726 cla-

221 2758 295 2778 more
307 2749 472 2784 compellans
487 2757 558 2780 cum,
572 2747 638 2774 dixit
653 2756 659 2774 z
673 2747 768 2774 Servus
782 2750 839 2773 tuus
852 2754 964 2781 egressus
976 2749 1013 2772 est

224 2802 257 2828 ad
302 2798 395 2825 ercitus
407 2798 500 2830 aciem,
517 2801 539 2823 et
557 2803 612 2823 ecce
631 2795 666 2822 vir
681 2794 784 2828 quidam
805 2793 912 2820 adduxit
927 2792 960 2820 ad
975 2800 1014 2819 me

807 63 989 92 ADVERSUS
1007 63 1156 92 JUDIEOS.
1177 62 1222 91 IV.

1775 62 1826 89 8'74

1041 122 1132 155 uirum,
1149 119 1364 158 dixitque:Serva
1379 120 1442 148 mihi
1454 120 1520 147 [tunc
1534 120 1621 155 :quod
1632 120 1653 147 si
1663 121 1763 155 elapsus
1776 128 1832 146 cva-

1040 169 1110 200 serit,
1127 169 1174 194 erit
1188 168 1272 195 anima
1283 172 1326 194 tua
1339 175 1387 203 pro
1400 167 1486 194 animo
1499 167 1579 198 illitis,
1594 171 1638 193 aut
1653 166 1778 201 dependes
1791 174 1834 192 ar-

1040 215 1107 250 genti
1123 215 1254 242 talentum.
1270 213 1304 240 Et
1323 214 1416 241 accidit
1435 213 1495 240 dum
1512 220 1597 240 senius
1613 217 1669 239 tuus
1687 211 1836 245 cimnmpi-

1040 267 1105 289 ceret
1122 262 1171 289 huc
1183 266 1206 288 et
1223 261 1295 294 illuc,
1309 266 1333 287 et
1346 268 1402 287 ecce
1413 260 1451 287 vir
1463 268 1513 286 non
1532 258 1701 291 comparebat.
1717 256 1750 283 Et
1771 256 1835 283 dixit

1042 308 1097 335 Rea:
1111 307 1193 334 Israel
1206 304 1291 334 :Ecce
1304 307 1385 342 judex
1405 311 1432 333 tu
1449 306 1518 341 apud
1538 312 1576 331 me
1592 313 1601 331 :
1615 303 1737 331 occidisti.
1754 302 1786 329 Et
1802 302 1835 328 il-

1041 354 1090 380 lico
1106 353 1228 389 prop/leta
1243 353 1352 379 detraxit
1364 352 1474 379 uelanten
1484 352 1515 378 ab
1526 351 1605 378 oculis
1619 349 1682 382 suis,
1697 354 1721 376 et
1734 349 1836 384 agnouit

1041 400 1114 426 illum
1131 399 1187 426 Rex
1202 399 1299 430 Israel,
1321 398 1388 433 quod
1408 403 1470 425 esset
1488 406 1554 424 unus
1568 405 1599 424 ea:
1618 395 1679 431 ﬁliis
1695 395 1835 431 propheta-

1042 446 1113 479 rum',
1127 446 1239 481 dixitque
1257 446 1291 472 ad
1305 444 1397 471 illum:
1408 442 1468 471 "tet:
1481 444 1541 470 dicit
1558 443 1684 470 Dominus
1701 442 1756 469 :Eo
1769 440 1837 476 quod

1043 491 1161 519 dimisisti
1180 492 1260 518 virum
1278 491 1353 517 exitio
1369 490 1473 525 dignum
1491 498 1504 516 e
1518 497 1596 515 manu
1611 493 1663 521 tua,
1683 488 1729 515 erit
1751 487 1837 513 anima

1044 543 1088 564 tua
1101 545 1146 572 pro
1160 537 1246 562 anima
1261 536 1339 568 illius,
1354 540 1376 562 et
1391 540 1448 562 tuus
1462 535 1572 570 populus
1587 542 1633 569 pro
1655 533 1750 569 populo
1765 532 1836 559 illitis

1046 584 1084 618 (5.
1107 580 1172 614 Reg.
1193 580 1442 617 20,56.sqq.)\’ides
1465 580 1534 615 quod
1546 588 1597 607 non
1606 579 1691 606 solum
1701 579 1780 609 Deus,
1791 578 1839 605 sed

1045 633 1072 657 et
1085 629 1206 656 homines
1219 628 1298 656 simili
1310 627 1388 654 modo
1396 627 1527 661 judicant,
1548 634 1600 653 non
1616 625 1789 660 respicientes
1805 623 1838 650 ad

1045 683 1137 704 eorum
1160 683 1219 710 qua:
1241 675 1307 702 fiunt
1328 679 1459 705 naturam,
1480 673 1526 700 sed
1549 673 1581 700 ad
1603 672 1682 699 finem
1704 671 1792 706 potius
1813 675 1840 697 et

1045 722 1155 749 causas?
1172 722 1250 754 Ecce,
1268 721 1351 756 inquit
1369 720 1449 748 etiam
1465 721 1520 755 ipse
1536 720 1609 752 Rex,
1627 723 1655 746 tu
1670 718 1753 753 judex
1769 716 1839 752 apud

1046 776 1100 801 me,
1126 769 1171 803 qui
1196 767 1336 795 occideris.
1361 766 1497 793 llomicida
1522 773 1566 798 es,
1593 765 1686 799 inquit,
1710 771 1743 791 eo
1769 762 1840 798 quod

1048 814 1150 841 hostem
1166 813 1310 840 dimiseris.
1326 812 1366 839 0h
1382 812 1432 838 hoc
1444 811 1515 839 enim
1530 810 1658 845 propheta
1669 809 1756 836 velum
1771 808 1841 835 addi-

1048 860 1135 893 derat,
1151 864 1178 886 et
1195 859 1266 886 velut
1284 859 1309 885 in
1325 858 1410 885 aliena
1427 865 1506 884 causa
1520 857 1592 883 litem
1607 855 1724 888 induxit,
1739 858 1767 882 ut
1785 853 1842 880 Rex

1049 905 1208 933 sententiam
1232 908 1332 931 rectam
1357 903 1540 938 pronuntiaret
1561 910 1568 928 :
1587 900 1658 936 quod
1684 905 1710 927 ct
1734 898 1841 926 accidit.

1050 952 1155 980 Etenim
1172 955 1310 986 postquam
1327 950 1442 984 seipsum
1456 956 1503 976 sua
1519 948 1649 976 sententia
1664 946 1842 974 condemnas-

1050 1003 1100 1031 set,
1121 999 1241 1026 detracto
1259 997 1328 1028 velo,
1348 996 1414 1023 dixit
1434 994 1584 1030 propheta:
1601 993 1729 1027 Quoniam
1751 996 1777 1018 tu
1804 991 1845 1017 di-

1050 1044 1141 1071 misisti
1153 1044 1233 1070 virum
1249 1043 1324 1069 exitio
1339 1041 1444 1076 dignum
1456 1049 1469 1067 e
1484 1048 1559 1067 manu
1575 1044 1627 1070 tua,
1644 1038 1691 1065 erit
1703 1038 1788 1064 anima
1802 1042 1845 1063 tua

1051 1098 1097 1124 pro
1119 1089 1204 1116 anima
1226 1088 1304 1120 illius,
1328 1092 1350 1114 et
1373 1087 1482 1122 populus
1503 1090 1561 1112 tuus
1581 1093 1626 1119 pro
1648 1084 1742 1119 populo
1764 1083 1843 1109 illius.

1054 1135 1134 1163 Vides
1148 1142 1214 1170 quas
1227 1142 1275 1169 pro
1289 1133 1451 1160 humanitate
1467 1138 1558 1166 poenas
1574 1129 1652 1157 luerit
1663 1129 1730 1162 Rex,
1746 1135 1847 1163 proque

1053 1181 1239 1215 intempestiva
1255 1179 1394 1206 clementia
1410 1185 1462 1212 quo
1476 1176 1586 1203 affectus
1601 1176 1635 1203 sit
1649 1173 1799 1210 supplicio?
1813 1173 1848 1200 Et

1054 1227 1098 1255 hic
1111 1227 1218 1262 quidem
1233 1226 1277 1261 qui
1298 1224 1427 1257 servavit,
1442 1223 1564 1258 punitur;
1581 1222 1647 1248 alter
1661 1228 1725 1248 vero
1740 1220 1783 1255 qui
1801 1227 1847 1246 oc—

1054 1272 1128 1305 cidit,
1151 1271 1279 1306 probatus
1303 1273 1354 1297 est.
1378 1269 1458 1304 Igitur
1484 1272 1511 1295 ct
1532 1267 1659 1299 Phinees,
1684 1265 1728 1300 qui
1753 1264 1848 1291 eodem

1056 1318 1183 1353 temporis
1207 1316 1320 1344 articulo
1343 1315 1439 1349 duplex
1465 1312 1626 1348 perpetravit
1654 1310 1848 1343 homicidium,

1055 1364 1193 1398 virumque
1209 1361 1286 1389 simul
1301 1368 1360 1388 cum
1381 1360 1490 1387 muliere
1504 1358 1625 1390 sustulit,
1639 1357 1788 1384 sacerdotio
1803 1355 1850 1382 ho-

1056 1414 1166 1438 noratur
1176 1408 1324 1445 (Num.25)
1335 1417 1341 1434 :
1354 1415 1404 1434 nec
1417 1406 1503 1433 solum
1519 1413 1570 1432 non
1585 1404 1732 1439 inquinavit
1742 1410 1849 1430 manttm

1056 1456 1196 1491 sanguine,
1217 1463 1308 1482 verum
1331 1454 1410 1481 etiam
1431 1453 1565 1487 puriorem
1588 1451 1712 1479 reddidit.
1736 1449 1851 1477 Proinde

1057 1510 1116 1530 cum
1131 1501 1229 1529 videris
1244 1509 1304 1528 cum
1316 1501 1360 1535 qui
1376 1499 1531 1535 prophetam
1548 1498 1680 1533 percussit
1692 1505 1750 1524 esse
1762 1504 1852 1523 serva-

1059 1553 1125 1581 tum,
1138 1556 1199 1576 eum
1211 1555 1275 1575 vero
1287 1547 1332 1582 qui
1347 1554 1399 1573 non
1414 1545 1543 1580 percussit
1556 1544 1727 1574 exstinctum,
1741 1547 1768 1569 et
1778 1542 1852 1568 illum

1058 1595 1101 1630 qui
1118 1597 1275 1629 pepercerat
1287 1593 1351 1620 dare
1365 1599 1468 1627 pmnas,
1485 1591 1614 1625 punitum,
1631 1596 1722 1616 rursus
1734 1596 1794 1615 cum
1808 1587 1852 1622 qui

1059 1649 1111 1668 non
1130 1640 1257 1674 pepercit,
1280 1638 1455 1673 approbatum
1478 1646 1485 1663 :
1502 1643 1608 1670 semper
1629 1635 1699 1669 apud
1722 1638 1748 1661 te
1765 1633 1853 1668 potior

1059 1687 1095 1713 sit
1114 1686 1197 1718 ratio,
1213 1684 1275 1719 quid
1292 1685 1362 1711 Deus
1383 1683 1529 1718 praecipiat,
1550 1689 1629 1716 quam
1645 1688 1704 1712 qua:
1724 1680 1758 1706 sit
1773 1685 1854 1713 nego-

1060 1733 1157 1759 tiorum
1171 1736 1264 1758 natura
1281 1740 1287 1757 :
1306 1729 1377 1765 quod
1395 1730 1416 1756 si
1433 1729 1494 1764 quid
1510 1727 1672 1762 compereris
1693 1726 1739 1753 illo
1753 1732 1854 1760 appro-

1060 1780 1140 1808 bante
1155 1779 1220 1813 geri,
1237 1777 1301 1805 illud
1315 1777 1401 1804 solmn
1413 1776 1585 1810 amplectere.

1096 1825 1123 1852 5.
1137 1824 1224 1859 Atque
1240 1824 1290 1850 hac
1305 1827 1409 1850 utentes
1422 1821 1512 1856 regula
1523 1841 1530 1853 ,
1546 1826 1571 1846 ct
1585 1819 1715 1854 jejunium
1735 1818 1788 1845 hoe
1809 1817 1855 1844 Ju-

1061 1871 1179 1899 datorum
1195 1868 1388 1904 expendamus.
1402 1867 1507 1895 Etenim
1531 1866 1557 1892 ni
1583 1865 1608 1892 id
1631 1864 1783 1895 fecerimus,
1807 1862 1855 1890 sed

1062 1917 1181 1944 actiones
1194 1914 1288 1947 nudas,
1306 1921 1353 1948 per
1371 1921 1400 1940 se
1417 1916 1516 1939 tantum
1534 1911 1560 1938 in
1580 1910 1696 1937 medium
1714 1908 1830 1943 prolatas
1842 1928 1850 1940 ,

1062 1962 1263 1990 consideremus
1279 1969 1285 1987 :
1302 1960 1397 1994 ingens
1412 1959 1463 1986 erit
1481 1957 1612 1988 confusio,
1633 1962 1780 1990 magnaque
1796 1961 1856 1988 pcr-

1063 2007 1189 2035 turhatio.
1203 2006 1268 2033 Nam
1283 2005 1429 2031 latronibus
1442 2004 1592 2030 lacerantur
1605 2002 1702 2034 latera,
1714 2005 1742 2027 ct
1759 2007 1858 2026 monu-

1063 2058 1214 2081 mentorum
1230 2050 1437 2086 pcrfossurihus,
1452 2054 1479 2076 et
1494 2047 1729 2083 prmsligiatoribus
1743 2055 1748 2072 :
1763 2053 1856 2072 verum

1064 2099 1133 2126 idem
1151 2097 1288 2133 patiuntur
1308 2099 1335 2123 et
1357 2101 1497 2130 martyres.
1517 2093 1597 2120 Facta
1611 2091 1719 2127 quidem
1736 2096 1798 2118 sunt
1812 2098 1856 2117 ea-

1064 2145 1124 2173 dem
1136 2165 1143 2177 ,
1165 2148 1291 2171 emterum
1315 2141 1419 2168 anitnus
1435 2144 1462 2167 ct
1476 2147 1555 2166 causa
1569 2146 1618 2167 cur
1632 2138 1689 2165 hmc
1704 2138 1767 2164 fiant
1780 2158 1787 2170 ,
1805 2145 1856 2164 non

1064 2196 1105 2218 est
1119 2189 1223 2221 cadem,
1241 2195 1326 2223 eoque
1339 2187 1483 2222 plurimum
1497 2189 1538 2212 est
1552 2184 1712 2211 discriminis
1726 2184 1797 2209 inter
1810 2183 1858 2208 bos

1064 2241 1091 2263 ct
1112 2235 1180 2262 illos.
1195 2234 1270 2262 Sicut
1294 2233 1373 2267 igitur
1387 2232 1412 2259 in
1429 2231 1481 2258 illis
1502 2238 1555 2257 non
1574 2234 1735 2257 tormentum
1757 2233 1857 2255 tantum

1064 2281 1250 2316 expendimus,
1266 2279 1311 2306 sed
1328 2277 1401 2313 prius
1414 2277 1532 2304 animum
1547 2280 1574 2303 ct
1587 2283 1713 2307 causam,
1730 2274 1764 2301 ob
1778 2280 1858 2308 quam

1065 2328 1198 2355 cruciatus
1208 2326 1365 2357 inferuntur,
1381 2323 1591 2354 consideramus,
1605 2326 1631 2349 et
1641 2322 1675 2349 ob
1688 2321 1713 2348 id
1727 2324 1860 2356 martyres

1065 2381 1195 2405 amamus,
1209 2380 1260 2399 non
1275 2370 1346 2406 quod
1359 2370 1521 2401 crttcicutur,
1534 2368 1580 2396 sed
1590 2366 1660 2402 quod
1674 2367 1708 2393 ob
1723 2366 1858 2393 Christum

1065 2419 1199 2447 cruciatus
1209 2418 1308 2449 ferant;
1321 2421 1412 2444 contra
1422 2415 1538 2441 latrones
1547 2413 1721 2444 detestamur,
1735 2419 1786 2438 non
1798 2411 1859 2446 quia

1066 2465 1221 2500 puniuntur,
1237 2463 1282 2491 scd
1297 2462 1368 2498 quod
1383 2461 1417 2488 ob
1430 2459 1566 2487 malefacta
1586 2459 1749 2494 puniuntur:
1764 2457 1858 2484 eodem

1066 2512 1145 2540 modo
1156 2511 1205 2538 hac
1216 2511 1241 2537 in
1251 2518 1279 2538 re
1292 2508 1421 2536 calculum
1437 2513 1518 2542 ponas
1531 2515 1537 2533 :
1552 2505 1574 2533 si
1587 2505 1685 2532 videris
1699 2504 1758 2531 illos
1769 2511 1860 2530 amore

1065 2559 1112 2586 Dei
1126 2558 1277 2593 jcjunantcs
1287 2577 1294 2590 ,
1308 2555 1469 2590 amplectere
1483 2551 1553 2588 quod
1570 2552 1599 2578 fit
1613 2561 1620 2578 :
1637 2555 1664 2578 at
1680 2550 1704 2578 si
1719 2557 1861 2585 perspexe-

1066 2606 1120 2637 ris,
1137 2605 1196 2632 illos
1210 2603 1259 2630 hoc
1280 2607 1376 2637 przctcr
1391 2601 1505 2627 divinam
1527 2599 1689 2626 voluntatem
1713 2597 1839 2624 facientes
1852 2617 1859 2628 ,

1066 2651 1149 2686 magis
1176 2657 1222 2677 eos
1245 2649 1398 2680 detestare,
1422 2646 1574 2680 majoreque
1597 2643 1658 2671 odio
1679 2650 1859 2678 prosequere,

1066 2705 1144 2732 quam
1160 2696 1266 2728 ebrios,
1282 2701 1360 2729 quam
1387 2691 1548 2720 temulentiae
1571 2693 1598 2717 et
1620 2687 1860 2716 comessationibus

1068 2744 1244 2778 indulgentes.
1261 2742 1288 2769 lu
1304 2741 1354 2768 hoc
1367 2743 1454 2767 autem
1469 2737 1570 2773 jejunio
1584 2744 1637 2764 non
1656 2735 1721 2763 satis
1740 2738 1782 2762 est
1794 2741 1860 2761 cau-

1072 2798 1128 2818 sam
1151 2789 1282 2825 inquirere
1293 2809 1300 2823 ,
1317 2786 1365 2815 sed
1376 2790 1402 2815 ct
1416 2786 1491 2813 locus
1506 2789 1531 2812 ct
1547 2789 1652 2820 tempus
1667 2780 1806 2810 considera
1815 2783 1867 2811 nd;
