2006 3124
214 160 264 189 877

214 224 335 256 neglecto
355 222 478 249 locozan
500 219 620 255 neglecto
635 222 772 252 tempore.
794 214 845 242 loci
868 213 936 241 ratio
960 216 1001 238 te-

215 267 299 295 nenda
315 268 375 295 est?
388 267 463 302 Quod
476 267 536 294 dico
548 287 556 298 ,
576 265 628 292 tale
642 268 702 291 est:
718 261 844 297 prmcepit
856 260 984 286 Dominus
994 278 1002 290 ,

215 319 243 340 ut
264 314 289 340 in
312 314 397 348 primo
419 320 512 340 mense
526 316 553 339 et
566 309 739 345 .lerosolymis
758 307 939 334 celebraretur
953 304 1002 330 Pa-

215 359 278 386 srha
296 368 303 387 :
322 359 445 386 videlicet
468 363 588 392 tempore
613 356 713 391 pariter
733 358 760 381 et
781 353 840 379 loco
861 350 1002 386 prmlinito.

215 405 349 431 l’onamus
363 405 442 439 igitur
453 404 521 431 duos
531 402 668 438 quospiam
682 406 753 430 esse,
776 397 820 433 qui
843 395 945 424 Pascha
958 402 1003 422 cc-

215 450 328 482 lebreut,
344 457 458 484 quorum
474 449 541 475 alter
555 447 744 482 prmvaricetur
767 444 853 471 locum
867 463 875 475 ,
901 446 1005 474 tempus

213 495 339 522 observet
354 504 360 522 :
375 502 468 522 rursus
482 495 550 522 alter
564 494 688 521 observet
704 491 811 526 quidem
828 490 912 516 locum
925 508 933 519 ,
957 486 1004 513 sed

215 540 426 574 transgrediatur
441 545 559 574 tempus;
573 544 652 574 atque
668 538 690 564 is
704 538 748 572 qui
761 541 866 570 tempus
880 534 1005 561 observat

214 585 336 619 neglecm
351 585 424 618 loco,
445 584 562 612 celebret
574 583 675 610 Pascha
692 583 717 609 in
734 581 819 616 primo
834 587 925 607 mense
935 599 942 609 .
958 578 1004 605 sed

214 631 311 660 alicubi
326 631 416 665 procul
430 631 594 666 Jerosolyma
609 639 616 656 :
632 631 653 656 is
667 636 730 655 vero
748 627 792 662 qui
813 627 899 653 locum
912 625 1006 652 obser-

217 681 260 703 vat
285 676 406 711 neglecto
421 681 555 711 tempore,
572 675 671 702 Pascha
685 673 803 701 celebret
815 671 1004 706 .lerosolymis,

216 729 269 748 non
285 725 372 748 tamen
389 722 474 756 primo
488 728 588 753 mense,
602 719 649 746 scd
664 717 791 746 secundo.
807 715 905 744 Deinde
919 715 1008 742 videa-

217 775 276 794 mus
291 772 351 794 uler
365 767 458 794 horum
472 759 585 793 duorum
598 766 632 792 sit
647 765 672 791 in
687 763 808 794 crimine,
824 767 882 789 uter
894 761 1008 796 proban-

216 813 286 840 dus:
303 813 360 840 isne
380 812 425 847 qui
446 811 568 846 neglecto
586 814 706 844 tempore
730 809 815 835 locum
830 806 960 838 servavit,
975 813 1007 832 an

217 860 261 894 qui
283 859 340 886 loco
361 859 480 893 neglecto
496 862 598 892 tempus
617 856 742 884 servavit.
762 854 868 881 Etenim
888 853 910 880 si
926 853 948 879 is
964 852 1007 886 qui

219 910 323 939 tempus
333 905 459 939 neglexit,
473 909 502 931 ut
514 904 581 930 intra
593 903 724 930 civitatem
740 900 838 928 Pascha
852 898 1008 930 celebraret,

219 949 323 977 videtur
344 949 529 984 approbandus
545 952 656 976 :conlra
669 967 677 979 ,
698 946 742 982 qui
762 949 867 973 servato
891 949 1010 977 tempore

220 995 306 1023 locum
322 995 449 1030 neglexit,
463 995 596 1021 vocandus
610 999 650 1021 est
664 994 690 1020 in
704 993 814 1025 crimen,
828 996 855 1018 et
869 989 1010 1024 impietatis

221 1049 283 1068 rcus
297 1041 461 1075 peragendus
477 1049 484 1066 :
499 1040 623 1067 nimirum
645 1039 739 1072 liquet,
754 1037 825 1072 quod
840 1036 882 1063 isti
904 1042 1010 1070 quoque

221 1087 306 1122 legem
320 1087 429 1119 violant,
445 1087 503 1113 loco
519 1093 571 1112 non
587 1093 635 1112 suo
649 1084 793 1115 iacientes,
812 1081 881 1117 quod
895 1081 1009 1112 faciunt,

221 1133 325 1160 etiamsi
340 1132 428 1159 decies
443 1131 538 1158 millies
553 1130 698 1166 prmdicent
719 1137 748 1157 se
771 1135 878 1155 servare
898 1132 1010 1160 tempus.

222 1179 298 1206 Unde
319 1179 397 1213 igitur
419 1178 469 1204 hoc
489 1177 565 1204 nobis
582 1176 751 1211 perspicuum
765 1175 824 1202 est?
838 1173 966 1200 Videlicet
979 1171 1012 1198 ab

222 1224 280 1258 ipso
301 1224 382 1250 liluse.
402 1222 537 1258 Siquidem
551 1229 610 1248 cum
626 1220 732 1255 quidam
747 1224 838 1247 essent
855 1216 1013 1245 celebraturi

221 1269 334 1301 Pascha,
346 1268 470 1296 adierunt
483 1267 584 1299 Mosen,
601 1266 718 1293 dicentes
733 1273 739 1291 :
756 1263 812 1291 Nos
825 1263 917 1298 impuri
927 1269 1013 1289 smnus

221 1323 298 1349 super
318 1314 426 1341 hominis
446 1314 554 1340 anima:
568 1321 629 1339 num
650 1312 790 1338 omittemus
812 1309 903 1342 offerre
924 1315 1015 1334 munus

222 1360 332 1388 Domino
347 1360 424 1395 juxta
437 1364 534 1395 tempus
547 1367 620 1386 suum
629 1379 636 1390 ,
650 1358 676 1384 in
688 1357 770 1384 medio
788 1356 900 1390 filiorum
915 1353 1015 1380 Israel?

224 1406 362 1440 Respondit
374 1405 425 1432 illis
441 1405 525 1432 Moses
536 1402 622 1432 :Slate
642 1403 683 1430 hic
693 1423 700 1435 ,
717 1407 740 1429 et
754 1402 855 1428 audiam
869 1400 929 1435 quid
948 1407 1015 1434 prce-

223 1456 340 1485 ceplurus
353 1451 384 1476 sit
397 1450 522 1477 Dominus
535 1450 566 1476 de
579 1449 658 1475 vobis.
672 1448 704 1474 Et
718 1447 833 1482 loquutus
847 1450 881 1472 est
893 1444 1016 1471 Dominus

225 1495 293 1522 Mosi
307 1495 407 1522 dicens:
418 1494 503 1521 Homo
511 1495 658 1529 quicumque
669 1494 744 1529 fuerit
763 1493 827 1519 inter
845 1499 887 1518 vos
901 1491 1016 1524 impurus

224 1549 300 1576 super
313 1541 421 1567 hominis
433 1540 529 1571 anima,
543 1544 587 1565 aut
602 1539 628 1565 in
642 1539 717 1573 longa
731 1538 829 1569 itinere,
843 1541 886 1562 aut
898 1537 925 1564 in
936 1535 1015 1570 vobis,

225 1587 250 1612 in
264 1587 464 1622 generationibus
480 1585 567 1612 vestris
577 1605 585 1617 ,
605 1585 678 1621 faciet
693 1582 794 1612 Pascha
807 1591 890 1611 mense
908 1583 1017 1610 secundo

226 1632 319 1666 (Num.
333 1631 459 1666 9.7-“).
471 1630 498 1658 Id
510 1635 568 1659 est:
580 1631 709 1665 quisquis,
723 1630 818 1662 inquit,
831 1630 916 1664 primo
927 1636 1018 1656 mense

225 1677 408 1712 deprehensus
418 1677 497 1704 luerit
508 1677 533 1703 in
549 1675 769 1711 peregrinatione,
781 1683 815 1702 ne
830 1675 906 1701 faciat
917 1674 1018 1703 Pascha

226 1728 300 1749 cxtra
313 1723 455 1753 civitatem,
471 1721 517 1749 sed
529 1729 621 1749 mense
636 1720 763 1752 secundo.
782 1724 811 1747 ut
830 1719 921 1747 venire
935 1719 1019 1754 possit

227 1768 421 1804 Jerosolymam
435 1775 466 1795 ac
480 1773 583 1802 tempus
597 1767 712 1801 negligat
730 1766 817 1801 potius
827 1786 834 1798 ,
848 1773 926 1800 quam
941 1765 1019 1792 faciat

226 1819 301 1841 extra
316 1814 449 1853 civitatem
469 1821 476 1840 :
492 1821 525 1840 ex
546 1813 596 1840 hoc
611 1813 749 1840 declarans
759 1833 765 1845 ,
785 1812 855 1847 quod
868 1812 1019 1840 observatio

227 1860 278 1887 loci
293 1861 418 1894 temporis
432 1859 616 1886 observatione
629 1859 712 1893 magis
722 1863 763 1885 est
777 1858 935 1885 necessaria.
950 1858 1018 1891 Quid

227 1907 306 1941 igitur
326 1907 369 1933 isti
391 1905 489 1933 habent
511 1905 580 1940 quod
602 1905 708 1938 dicant,
729 1905 773 1939 qui
793 1909 867 1932 extra
886 1904 1018 1931 civitatem

228 1951 406 1986 praescriptam
417 1951 514 1978 faciunt
524 1950 642 1977 Pascha?
651 1950 715 1977 Nam
726 1957 785 1976 cum
795 1950 1020 1984 transgrediantur

228 1997 254 2023 id
270 1996 340 2032 quod
354 1996 437 2032 magis
451 2001 492 2023 est
506 1996 700 2027 necessarium,
723 1995 789 2022 nihil
811 1995 870 2022 illos
891 2002 1019 2022 excusare

229 2047 316 2076 potest
336 2042 393 2075 ejus
413 2041 579 2074 observatio,
602 2041 671 2077 quod
692 2040 801 2068 minoris
818 2044 859 2067 est
881 2040 1017 2067 momenti.

230 2086 310 2121 Igitur
318 2087 420 2114 etiamsi
431 2087 520 2114 decies
531 2087 625 2113 millies
635 2086 774 2113 vidcantur
784 2093 891 2113 servare
904 2090 1018 2120 tempus,

230 2137 347 2159 extrema
364 2132 428 2166 legis
442 2132 617 2166 transgressio
630 2136 671 2159 est
685 2131 754 2166 quod
770 2131 878 2158 faciunt.
891 2131 977 2165 Atque
993 2131 1018 2158 id

231 2185 290 2204 esse
303 2185 405 2208 verum.
419 2185 470 2204 non
486 2177 547 2204 hinc
560 2177 643 2212 liquet
657 2180 769 2207 tantum,
785 2184 879 2203 verum
893 2178 972 2203 etiam
987 2185 1018 2204 cx

231 2223 376 2258 prophetis.
387 2222 452 2249 Cum
468 2222 538 2249 enim
558 2226 663 2249 c0nstet
682 2222 740 2249 illos
761 2229 902 2256 numquam
918 2222 1019 2249 sacrifi-

230 2275 316 2300 casse,
328 2275 414 2302 ncque
427 2268 558 2294 canticum
573 2267 702 2293 cecinisse
712 2267 737 2293 in
754 2271 822 2293 terra
838 2266 921 2293 aliena
933 2266 1018 2301 (Paul.

231 2313 292 2340 156.
307 2313 325 2339 ι
335 2311 355 2348 ),
371 2319 457 2346 neque
480 2311 627 2338 istiusmodi
641 2311 769 2345 jejunium
783 2311 928 2345 jejunasse,
942 2320 1019 2346 quam

230 2358 333 2385 veniam
348 2362 532 2391 promerentur
542 2356 602 2382 isti?
616 2356 740 2383 Altamen
751 2356 786 2382 illi
806 2357 911 2391 quidem
927 2364 1021 2392 exspe-

231 2407 334 2429 ctantes
347 2402 425 2428 talem
448 2402 508 2428 vita:
531 2409 584 2428 suac
605 2405 701 2428 statum
715 2409 744 2429 se
759 2407 922 2436 recepturos,
938 2403 1021 2430 nihilo

232 2449 318 2475 secius
332 2447 508 2482 persistcbant
523 2447 547 2473 in
563 2447 635 2482 lege,
652 2452 774 2481 parentes
789 2448 834 2480 illi,
855 2457 966 2483 qumque
979 2449 1019 2476 lex

233 2493 432 2528 prrcscribebat,
449 2493 598 2527 implentes.
614 2492 669 2519 Hoc
683 2493 753 2520 enim
769 2493 811 2520 lex
825 2494 881 2528 ipsa
900 2494 952 2521 illis
964 2494 1021 2521 fore

233 2539 399 2572 promiserat.
425 2538 469 2564 Isti
491 2545 555 2564 vero
577 2537 633 2564 lucc
648 2537 764 2570 faciunt,
785 2546 844 2565 cum
860 2538 957 2565 nullam
973 2539 1020 2565 ha-

232 2583 311 2611 beant
326 2589 400 2616 spem
415 2582 481 2614 fore,
496 2588 524 2609 ut
540 2582 677 2616 pristinum
692 2583 751 2610 vita:
762 2587 857 2609 statum
872 2584 1000 2618 recipiant
1013 2593 1019 2610 ε

232 2629 307 2662 cujus
315 2628 386 2655 enim
393 2628 418 2655 id
427 2628 561 2663 prophetm
568 2628 717 2655 testimonio
726 2629 887 2663 probabunt?
895 2630 926 2657 Et
934 2635 1020 2657 tamen

234 2682 266 2701 ne
288 2675 327 2701 sic
346 2675 450 2709 quidem
475 2679 586 2709 possunt
609 2675 756 2709 quiescere.
771 2674 828 2702 Jam
840 2697 846 2708 ,
862 2681 890 2702 ut
907 2677 1021 2704 maxime

233 2723 372 2754 sperarent
387 2728 416 2747 se
426 2721 559 2748 civitatem
571 2726 733 2755 recepturos,
749 2721 828 2747 etiam
845 2725 907 2748 tunc
944 2731 1021 2757 opor-

237 2767 307 2793 tebat
321 2771 426 2794 sanctos
439 2767 498 2794 illos
509 2767 615 2799 imitari,
630 2771 682 2794 tuin
696 2775 710 2793 a
722 2767 839 2801 jejuniis,
854 2772 908 2795 tum
921 2777 934 2795 a
946 2774 1022 2797 cate-

237 2813 272 2839 ris
287 2812 514 2839 observationibus
527 2814 699 2840 abstinentes.

273 2857 296 2884 5.
314 2857 389 2894 Quod
409 2858 478 2885 enim
494 2858 639 2887 istiusmodi
655 2868 743 2887 rerum
759 2861 821 2887 nihil
838 2862 871 2888 illi
889 2863 999 2890 lcccrint
1011 2884 1017 2896 ,

833 146 1012 179 ADVERSUS
1031 145 1179 174 JUDzEOS.
1201 145 1240 173 IV.

1792 146 1844 174 878

1056 209 1117 236 audi
1136 209 1198 244 quid
1212 208 1366 243 rogantibus
1386 207 1580 243 responderint.
1597 207 1662 234 Cum
1677 206 1746 234 cnim
1764 214 1843 241 urge-

1056 258 1125 285 rent.
1139 254 1340 288 compellerent,
1353 258 1531 288 cogeremque
1542 253 1656 285 barbari,
1670 257 1698 278 ut
1708 257 1845 279 uterentur

1056 299 1161 334 organis
1174 300 1238 332 suis,
1253 299 1444 333 dicerentque:
1458 298 1562 326 Cantule
1577 297 1646 325 nobis
1656 298 1782 324 canticum
1797 297 1846 323 Do-

1055 346 1116 372 mini
1131 345 1216 381 (Psal.
1232 345 1293 373 l36.
1307 345 1334 380 5)
1349 354 1355 372 :
1371 345 1408 372 illi
1419 344 1583 379 quipulchre
1591 344 1657 380 legis
1672 349 1787 372 mentem
1804 347 1844 370 te-

1055 391 1171 423 nebant,
1193 391 1405 424 responderunt,
1426 398 1479 417 non
1497 390 1593 417 decere
1613 394 1641 416 ut
1656 390 1704 417 ista
1729 389 1846 416 lacerent

1055 440 1129 463 extra
1145 436 1337 471 Jerosolymam
1351 445 1357 463 :
1375 436 1505 469 Quomodo
1515 457 1523 469 ,
1539 436 1673 470 inquiunt,
1690 436 1845 462 Cantabimus

1056 480 1182 508 canticum
1196 480 1299 507 Domini
1313 481 1338 507 in
1349 486 1415 507 terra
1425 481 1527 507 aliena?
1542 479 1643 507 Rursus
1654 484 1708 507 tres
1722 480 1757 507 illi
1770 481 1843 515 pueri

1057 527 1101 562 qui
1116 527 1289 555 versabantur
1302 528 1328 554 in
1343 527 1475 563 Babylone
1486 548 1493 560 ,
1517 527 1659 554 dicebant:
1676 526 1737 554 Non
1749 532 1784 554 est
1799 528 1846 554 hoc

1059 577 1169 609 tempore
1180 574 1305 608 princeps,
1321 582 1399 607 neque
1411 573 1541 608 propheta,
1559 582 1608 600 non
1622 572 1691 600 locus
1703 577 1730 599 ut
1744 573 1845 606 sacriﬁ-

1057 627 1141 645 cemus
1159 619 1185 645 in
1205 624 1338 654 conspectu
1355 624 1413 652 tuo,
1430 623 1452 645 et
1477 619 1630 645 inveniamus
1649 619 1845 646 misericordium

1061 663 1140 697 (Dan.
1155 664 1181 691 5.
1195 664 1250 698 58).
1265 666 1299 691 At
1321 671 1385 691 sane
1399 665 1496 691 multus
1509 669 1566 691 erat
1581 664 1616 691 ibi
1629 664 1722 691 locus:
1738 669 1765 691 at
1777 672 1845 699 quo-

1058 710 1128 736 niam
1143 709 1179 737 ibi
1195 709 1322 744 templum
1337 718 1390 737 non
1412 715 1485 742 erat,
1507 709 1639 736 abstinent
1661 717 1676 736 a
1700 709 1845 737 sacriliciis.

1059 755 1116 782 .Iam
1132 763 1196 782 vero
1214 760 1241 782 et
1260 755 1292 782 ad
1306 755 1371 782 alios
1392 762 1439 789 per
1453 754 1607 782 Zachariam
1626 755 1741 789 loquitur
1755 754 1846 782 Deus:

1060 800 1130 827 Nam
1148 801 1275 836 jejunium
1285 801 1421 835 jejunastis
1442 801 1502 827 mihi
1525 809 1568 835 per
1588 809 1668 828 annos
1690 801 1848 836 septuaginta

1060 845 1149 880 (Zacli.
1166 845 1192 872 7.
1210 845 1259 881 5)?
1274 845 1383 880 loquens
1396 845 1429 873 de
1442 845 1518 872 annis
1528 853 1596 880 quos
1608 850 1716 880 egerant
1727 846 1752 872 in
1765 845 1850 880 capti-

1061 891 1151 918 vitate.
1163 890 1301 923 Quomodo
1313 898 1376 925 ergo
1390 895 1416 917 tu
1429 898 1500 917 nunc
1512 891 1625 925 jejunas,
1640 891 1682 918 dic
1697 890 1772 924 mihi,
1786 898 1846 918 cum

1060 937 1173 971 majores
1188 937 1224 964 tui
1246 944 1295 964 nec
1314 936 1536 969 sacriﬁcaverint,
1558 945 1606 964 nec
1622 937 1782 970 jejunariut,
1799 945 1848 964 nec

1060 982 1126 1009 festa
1148 982 1360 1010 celebraverint?
1383 981 1458 1015 Quod
1481 987 1568 1009 autem
1587 981 1686 1009 Pascha
1703 989 1754 1009 non
1776 983 1849 1009 cclc-

1062 1027 1197 1055 braverint
1211 1035 1244 1055 ex
1259 1027 1298 1054 his
1312 1027 1398 1061 palam
1412 1032 1462 1054 est.
1475 1026 1540 1054 Nam
1551 1027 1595 1054 ubi
1608 1035 1660 1054 non
1676 1031 1733 1054 erat
1748 1027 1849 1054 sacriﬁ-

1061 1073 1132 1100 cium
1142 1094 1148 1106 ,
1164 1072 1200 1100 ibi
1221 1080 1254 1100 ne
1268 1072 1363 1099 festum
1378 1071 1483 1107 quidem
1497 1076 1555 1099 erat
1567 1081 1573 1098 :
1589 1080 1621 1099 eo
1633 1072 1703 1106 quod
1717 1079 1796 1099 omne
1810 1072 1850 1098 l'e‘

1062 1123 1132 1146 stum
1146 1118 1184 1145 sic
1206 1119 1294 1153 peragi
1310 1118 1458 1152 oportebat.
1475 1118 1549 1150 Quod
1562 1119 1584 1145 si
1605 1119 1750 1153 pleniorem
1773 1118 1850 1152 hujus

1062 1164 1100 1190 rei
1124 1163 1380 1191 demonstrationem
1405 1163 1531 1190 exhibere
1553 1163 1680 1196 velimus,
1705 1163 1765 1196 audi
1787 1163 1849 1198 quid

1063 1209 1133 1235 dicat
1149 1209 1239 1236 Daniel
1252 1217 1258 1235 :
1273 1207 1307 1235 In
1321 1208 1408 1235 diebus
1422 1208 1473 1235 illis
1488 1217 1556 1235 erant
1570 1217 1615 1244 ego
1635 1208 1727 1235 Daniel
1745 1209 1849 1244 lugens,

1064 1254 1142 1280 tribus
1156 1254 1350 1280 hebdomadibus
1366 1262 1456 1288 partem
1469 1254 1658 1280 desiderabilem
1672 1264 1722 1284 non
1737 1254 1851 1288 comedi,

1065 1305 1088 1326 et
1102 1300 1187 1326 vinum
1199 1307 1334 1334 carnesque
1347 1307 1397 1326 nan
1415 1299 1534 1334 ingressw
1553 1299 1649 1329 suntin
1663 1311 1691 1329 οδ
1711 1307 1793 1329 meum
1803 1320 1810 1331 ,
1829 1304 1852 1326 et

1066 1351 1191 1382 unguento
1206 1355 1256 1373 non
1269 1345 1379 1381 ungebar
1387 1346 1414 1372 in
1426 1345 1622 1375 hebdomadibus
1637 1349 1696 1375 illis.
1711 1348 1743 1375 Et
1756 1349 1852 1385 factum

1066 1397 1102 1418 est
1121 1392 1235 1418 vicesimo
1255 1396 1343 1426 quarto
1367 1392 1407 1418 die
1431 1391 1504 1425 primi
1527 1394 1635 1428 mensis,
1662 1395 1713 1421 vidi
1734 1395 1852 1421 visionem

1068 1435 1148 1472 (Dan.
1161 1436 1203 1464 l0.
1217 1436 1255 1471 2).
1273 1436 1320 1463 llic
1334 1436 1398 1466 mihi
1419 1436 1559 1474 diligenter
1577 1440 1732 1467 auscultate.
1753 1440 1790 1466 Ex
1811 1440 1853 1468 his

1066 1482 1137 1509 enim
1154 1482 1320 1520 perspicuum
1333 1489 1383 1517 est,
1399 1485 1468 1520 quod
1484 1491 1538 1512 tum
1551 1485 1651 1513 Pascha
1665 1494 1717 1513 non
1733 1486 1852 1513 celebra-

1068 1527 1163 1556 verint.
1174 1527 1229 1561 Qui
1242 1530 1301 1557 sic?
1316 1530 1415 1556 Dicam.
1432 1530 1482 1557 Per
1494 1530 1551 1557 dies
1565 1538 1717 1565 azymorum
1731 1530 1852 1565 jejunare

1063 1573 1166 1614 :Iudwis
1187 1574 1227 1601 las
1250 1582 1303 1601 non
1326 1580 1393 1602 erat.
1414 1575 1462 1603 llic
1481 1580 1570 1602 autem
1592 1575 1649 1602 dies
1662 1576 1753 1610 viginti
1773 1585 1853 1603 unum

1067 1627 1175 1655 prorsus
1186 1628 1238 1647 non
1252 1621 1337 1655 attigit
1351 1629 1455 1656 panem.
1468 1621 1502 1648 Et
1512 1621 1581 1648 unde
1591 1621 1642 1648 hoc
1653 1622 1773 1654 docetur,
1784 1622 1855 1649 dicet

1067 1666 1176 1701 aliquis,
1192 1667 1261 1700 quod
1285 1667 1327 1694 isti
1346 1667 1435 1702 viginti
1455 1667 1511 1694 dies
1531 1672 1557 1694 et
1578 1675 1645 1694 unus
1667 1667 1807 1695 inciderint
1828 1669 1853 1695 in

1067 1711 1125 1738 dies
1146 1712 1318 1746 azymorum?
1338 1712 1366 1739 Id
1385 1712 1445 1740 inde
1467 1712 1677 1746 demonstratur,
1692 1713 1762 1748 quod
1773 1713 1854 1747 dicit,

1068 1763 1162 1794 quarto
1175 1763 1202 1785 et
1212 1759 1339 1793 vigesimo
1353 1759 1395 1786 die
1409 1759 1487 1794 primi
1502 1759 1611 1786 mensis.

1107 1805 1212 1832 Pascha:
1226 1805 1363 1832 secundum
1383 1805 1461 1841 legem
1475 1811 1581 1840 tempus.
1595 1821 1632 1826 —
1644 1806 1678 1833 At
1692 1806 1802 1834 Pascha?
1816 1808 1856 1835 le-

1069 1856 1138 1879 stum
1154 1851 1280 1886 vigesimo
1293 1852 1377 1885 primo
1392 1851 1435 1878 die
1455 1851 1604 1879 ﬁniebatur.
1620 1852 1684 1879 Nam
1699 1853 1855 1887 incipientes

1069 1905 1083 1923 a
1096 1897 1200 1924 decimo
1212 1900 1306 1933 quarto
1321 1897 1364 1924 die
1380 1897 1455 1931 primi
1469 1898 1579 1931 mensis,
1595 1897 1692 1925 deinde
1705 1898 1798 1926 diebus
1811 1907 1855 1927 sc-

1070 1947 1140 1977 ptem
1154 1943 1305 1970 continuata
1327 1943 1495 1977 celebritate,
1516 1944 1550 1971 ad
1563 1944 1718 1979 vigesimum
1742 1946 1855 1980 primum

1069 1988 1139 2014 diem
1159 1988 1357 2022 perveniebant.
1372 1989 1494 2015 Attamen
1511 1989 1600 2015 Daniel
1616 1990 1802 2024 perseverabat
1813 1991 1856 2024 je-

1067 2034 1174 2068 junans,
1189 2034 1267 2060 etiam
1282 2042 1341 2061 cum
1357 2035 1529 2068 prmteriissct
1544 2035 1650 2062 Pascha:
1665 2041 1776 2071 tempus.
1789 2036 1855 2064 Nam

1069 2087 1129 2106 cum
1144 2080 1268 2114 ctepisset
1283 2087 1297 2106 a
1319 2080 1398 2107 tertio
1410 2080 1453 2107 die
1475 2081 1549 2114 primi
1570 2082 1687 2114 mensis,
1709 2090 1740 2110 ac
1760 2082 1856 2110 deinde

1070 2133 1118 2160 per
1129 2125 1186 2153 dies
1198 2126 1286 2160 viginti
1299 2133 1378 2152 unum
1390 2126 1579 2157 continuassct,
1592 2127 1714 2154 nimirum
1725 2127 1856 2155 decimum

1070 2175 1191 2205 quartum
1205 2170 1274 2197 diem
1288 2170 1423 2205 praeteriit,
1437 2175 1463 2197 et
1479 2175 1538 2205 post
1552 2171 1622 2198 hunc
1637 2173 1698 2198 item
1713 2177 1813 2207 septem
1831 2178 1858 2200 et

1071 2220 1125 2243 tres
1138 2216 1204 2242 alios
1216 2215 1344 2250 jejunavit
1358 2215 1436 2250 (Dan.
1449 2215 1492 2243 10.
1506 2216 1546 2251 4).
1561 2216 1655 2243 Annon
1668 2217 1747 2252 igitur
1760 2219 1801 2245 isti
1813 2227 1858 2246 ex-

1071 2261 1142 2296 lcges
1157 2266 1182 2288 et
1196 2261 1279 2296 impii,
1293 2261 1348 2296 qui.
1363 2269 1422 2288 cum
1439 2261 1475 2288 illi
1492 2262 1574 2288 sancti
1589 2263 1636 2289 viri
1651 2263 1675 2289 in
1688 2263 1773 2290 aliena
1789 2268 1857 2292 terra

1071 2306 1135 2332 nihil
1149 2306 1314 2333 servaverint
1325 2314 1415 2333 eorum
1429 2315 1486 2341 qua:
1501 2307 1543 2333 lex
1558 2308 1754 2341 pratscrihebat,
1770 2314 1857 2337 tamen

1071 2359 1119 2386 per
1131 2351 1325 2378 contentionem
1351 2357 1377 2378 ct
1399 2352 1574 2386 pervicaciam
1594 2353 1698 2380 diversa
1721 2354 1859 2382 factitant?

1072 2397 1175 2424 Etenim
1201 2396 1222 2423 si
1244 2397 1363 2424 nonnulli
1387 2396 1498 2424 fuissent
1520 2398 1692 2432 incogitantes
1715 2408 1859 2436 parumque

1070 2441 1272 2476 circumspecti,
1291 2442 1337 2476 qui
1360 2442 1419 2469 talia
1435 2443 1476 2469 vel
1498 2442 1632 2477 facerent,
1655 2445 1695 2472 vel
1719 2445 1859 2474 dicerent:

1072 2487 1180 2514 forsitan
1203 2487 1368 2522 negligentia:
1390 2488 1516 2515 tribueret
1531 2489 1645 2524 aliquis,
1667 2491 1736 2524 quod
1757 2500 1789 2520 ea
1805 2501 1859 2521 non

1072 2533 1223 2560 observent.
1238 2533 1294 2559 Jam
1310 2540 1370 2559 cum
1391 2534 1507 2568 religiosi
1528 2534 1598 2568 sint,
1619 2543 1679 2563 cum
1695 2538 1747 2571 pii,
1763 2546 1823 2566 cum
1844 2540 1860 2566 ii

1072 2578 1116 2612 qui
1131 2585 1178 2612 pro
1193 2578 1334 2612 praeceptis
1349 2578 1394 2604 Dci
1408 2579 1572 2606 tradiderunt
1584 2581 1685 2608 anhnas
1699 2590 1760 2610 suas
1771 2605 1778 2616 ,
1794 2592 1858 2611 cnn-

1072 2623 1193 2658 spicuum
1206 2628 1263 2656 est,
1279 2631 1326 2651 eos
1346 2623 1546 2659 haudquaquam
1563 2635 1609 2658 per
1622 2628 1807 2663 negligentiam
1823 2631 1860 2657 le-

1072 2669 1142 2697 cisse
1156 2669 1225 2704 quod
1241 2669 1377 2702 fecerunt,
1399 2670 1444 2697 scd
1460 2671 1493 2697 ab
1509 2671 1563 2705 ipsa
1578 2672 1664 2706 potius
1677 2673 1734 2708 lege
1748 2682 1857 2708 persua-

1072 2723 1116 2742 sos
1126 2736 1134 2748 ,
1147 2715 1217 2750 quod
1231 2723 1282 2742 non
1297 2721 1418 2750 oporteat
1432 2717 1571 2751 quidquam
1589 2719 1678 2744 talium
1694 2722 1859 2748 ceremonia-

1073 2769 1131 2788 rum
1155 2765 1228 2788 extra
1257 2762 1448 2797 Jcrosolymam
1472 2763 1626 2791 observare.
1650 2764 1717 2798 Quin
1740 2771 1767 2793 et
1788 2768 1858 2795 aliud

1073 2807 1196 2841 quiddam
1212 2815 1244 2834 ex
1259 2808 1299 2834 his
1312 2808 1449 2842 perspicue
1461 2809 1592 2843 Colligitur
1605 2811 1682 2845 longe
1697 2812 1838 2839 niaximum
1849 2833 1857 2845 ,

1075 2853 1214 2887 videlicet,
1229 2854 1297 2888 quod
1318 2854 1514 2882 observationes
1530 2856 1716 2885 sacriﬁciorum
1728 2880 1735 2892 ,
1758 2859 1854 2887 ειιιιὺίν
