2043 3116
194 202 245 230 881

193 262 231 288 fas
242 269 294 287 non
308 265 349 288 est
365 260 524 293 sacriﬁcari;
541 262 624 288 solam
638 260 831 298 Jerosolymatn
847 263 896 290 illis
906 263 980 291 adire

193 315 244 334 non
261 308 338 340 licet,
361 307 386 333 in
406 314 456 341 qua
471 307 528 334 sola
548 308 609 334 licet
630 308 776 335 immolare.
791 309 886 335 AunOu
901 310 980 343 igitur

196 353 364 380 vehementer
377 353 456 379 etiam
469 353 572 379 stolidis
582 354 682 380 clarum
693 354 913 389 perspieuumque
925 360 976 389 est,

192 405 269 431 quant
284 398 319 424 ob
331 404 437 423 causam
453 405 484 424 ca
502 397 594 424 civitas
608 397 685 425 fuerit
701 399 845 426 subversa?
860 399 924 426 Nam
940 401 977 426 si-

191 447 236 468 cut
250 442 410 469 architectus
420 442 495 476 iactis
511 442 697 476 fundamentis,
713 444 808 470 erectis
822 444 976 478 parietibus.

191 492 376 514 concamerata
397 488 544 520 testudine,
568 488 677 523 ips-tque
697 490 928 517 concameratione
950 491 975 517 in

192 542 272 560 unum
293 534 406 568 lapidem
427 535 452 561 in
472 535 559 561 medio
581 536 694 569 positum
717 543 852 568 connexa,
878 537 899 564 si
916 545 976 564 eum

193 580 282 613 tollat,
309 585 389 607 totam
411 580 514 608 tedificii
537 589 690 616 etmpagem
713 583 839 610 solverit:
856 583 977 610 similiter

196 627 266 654 Deus
281 634 340 653 cum
354 635 412 654 eam
426 627 560 654 civitatem
582 627 675 654 fecerit
689 628 762 662 qttasi
782 629 880 655 nodum
897 629 977 655 totius

192 672 328 706 religionis
341 672 474 704 Judaicat,
496 680 527 699 ac
546 680 606 698 mox
626 680 683 699 cam
698 673 871 705 subverterit,
889 681 977 700 nonne

192 718 291 753 pariter
304 722 330 745 et
345 718 496 745 universum
510 719 569 752 ejus
583 724 680 746 statum
696 719 836 746 dissolvit?

227 765 250 790 7.
274 763 371 790 Verum
398 763 526 790 hactenus
553 764 681 791 advorsus
700 764 807 791 Judacos
833 769 975 800 pugnatum

191 814 259 836 esto.
275 809 339 836 Nam
356 809 436 836 hodie
450 809 536 836 solum
550 810 654 836 eminus
664 810 688 836 in
703 810 763 837 illos
772 810 866 844 iaculis
877 810 976 837 velitati

192 863 298 888 sumus,
315 859 415 881 tantum
442 855 556 889 quuuti,
572 860 697 890 quantum
711 856 776 883 satis
790 861 847 882 erat
869 856 902 882 ad
928 856 976 883 de-

193 899 342 934 pellendum
358 900 502 934 periculum
518 907 532 926 a
557 900 682 927 fratribus
697 900 811 933 nostris,
828 901 881 927 imo
894 901 976 927 multo

192 945 273 971 etiam
283 945 404 979 amplius.
419 945 509 972 Restat
522 950 611 972 autem
626 945 688 972 illud
713 946 874 978 necessario,
890 951 917 972 ut
929 953 976 972 vos

192 992 236 1026 qui
250 992 348 1019 adestis
359 1013 366 1024 ,
381 992 562 1023 adhortemur,
579 997 607 1018 ιιι
632 992 741 1019 multam
768 992 974 1019 sollicitudinem

192 1036 311 1063 habeatis
336 1044 384 1071 pro
411 1037 535 1064 membris
559 1037 667 1063 nostris.
691 1037 728 1063 Ne
752 1036 889 1069 dixeritis,
913 1035 975 1070 qttid

192 1091 250 1110 mea
266 1084 363 1110 refert?
373 1091 421 1110 cur
431 1089 517 1111 autem
528 1092 576 1120 ego
590 1091 679 1111 rerutn
695 1083 843 1110 alienarum
856 1083 977 1110 curiosus

192 1130 241 1156 sim
251 1134 277 1156 et
286 1129 414 1156 sollicittts
426 1129 437 1155 ?
450 1129 576 1156 Dominus
589 1134 698 1164 propter
710 1135 758 1155 nos
778 1133 897 1154 mortuus
918 1133 974 1159 est;

192 1179 219 1201 tu
229 1182 293 1201 vero
304 1181 337 1201 ne
351 1181 499 1201 sermonem
517 1174 622 1208 quidem
638 1173 792 1208 profers?Et
803 1181 880 1207 qualn
903 1173 976 1199 inve-

168 1251 175 1257 .
193 1219 249 1245 nies
262 1219 364 1245 veniam
375 1239 382 1251 ,
398 1223 442 1245 aut
453 1226 531 1253 quant
547 1218 662 1252 reperies
677 1217 890 1244 excusationem?
903 1217 975 1249 Quo-

192 1263 271 1290 modo
283 1264 316 1290 ad
325 1264 420 1290 Christi
435 1263 548 1290 tribunal
561 1263 643 1290 stabis
654 1270 713 1290 cum
729 1263 834 1294 fiducia,
847 1262 890 1289 dic
900 1261 976 1294 mihi,

195 1314 232 1335 tot
259 1310 407 1336 animarum
432 1309 541 1336 exitium
566 1309 754 1336 dissimulans?
782 1308 886 1335 Utinatn
912 1307 976 1334 mihi

192 1355 326 1389 contingat
341 1362 373 1381 eo
386 1358 523 1381 currentes
536 1354 637 1386 videre,
647 1361 811 1388 nequaquatn
825 1353 898 1380 vobis
909 1360 977 1387 opus

192 1405 272 1432 esset,
287 1400 334 1426 sed
346 1400 510 1426 celet-rimam
525 1399 677 1427 adhiberem
689 1399 891 1427 correctionem.

227 1442 374 1468 Adhortatio
398 1442 430 1467 ad
451 1442 648 1469 emendationem
672 1442 790 1477 fratrum.
810 1455 846 1460 —
865 1440 975 1473 Quoties

192 1487 273 1514 frater
288 1486 522 1514 estemendandus
533 1507 540 1519 ,
555 1487 657 1513 etiamsi
681 1486 733 1512 vita
743 1486 778 1512 sit
790 1484 975 1519 impendenda,

192 1541 225 1560 ne
238 1539 354 1559 recuses.
367 1532 471 1559 Imitare
486 1532 625 1558 Dominum
635 1536 718 1558 tuum.
730 1531 804 1564 Quod
815 1530 837 1557 si
851 1530 976 1557 famulmn

193 1579 293 1611 habes,
320 1578 342 1605 si
360 1585 469 1605 uxorem
481 1599 487 1610 ,
505 1578 586 1604 multa
601 1585 659 1604 cum
683 1577 818 1611 diligentia
833 1577 892 1603 illos
904 1575 976 1602 domi

191 1624 339 1651 contineas.
354 1623 458 1650 Etenim
473 1623 495 1650 si
517 1631 569 1649 non
584 1623 714 1657 permittis
736 1622 787 1648 illis
806 1627 836 1648 ut
851 1622 877 1648 in
904 1622 978 1648 thea-

192 1674 260 1696 trum
275 1674 352 1700 eant,
365 1673 462 1703 quanto
478 1669 560 1703 magis
572 1677 587 1695 a
600 1669 736 1704 Synagoga
750 1667 901 1695 Judazorum
915 1671 977 1694 sunt

191 1714 318 1742 arcendi?
329 1714 412 1748 Majus
429 1720 469 1741 est
493 1714 536 1740 hic
557 1714 643 1740 scelus
666 1721 744 1747 quam
759 1713 820 1739 illic.
834 1712 909 1745 Quod
924 1712 977 1739 illic

191 1761 220 1788 fit
230 1782 237 1793 ,
253 1764 388 1796 peccatum
402 1764 457 1793 est;
472 1759 542 1794 quod
557 1759 598 1786 hic
608 1780 615 1793 ,
628 1759 758 1793 impietas.
774 1758 835 1784 llaec
849 1766 901 1785 non
917 1757 976 1785 ideo

192 1807 294 1841 loquor.
310 1810 337 1833 ut
348 1805 406 1832 illos
419 1805 510 1832 sinatis
523 1805 548 1830 in
559 1806 690 1831 theatrum
702 1803 754 1834 ire,
770 1810 830 1829 nam
846 1807 873 1829 ct
883 1802 908 1828 id
921 1809 978 1828 ma-

193 1853 246 1880 lum
265 1857 325 1879 est:
341 1852 388 1879 sed
415 1856 443 1878 ut
467 1851 499 1877 ab
519 1851 568 1877 hoc
595 1850 678 1876 multo
699 1849 782 1883 magis
802 1848 975 1883 prohibeatis.

191 1898 258 1931 Quid
272 1902 437 1932 spectaturus
456 1896 541 1923 curris
560 1895 592 1922 ad
613 1895 777 1930 Synagogam
793 1895 838 1921 Dei
861 1894 976 1921 hostium

191 1943 359 1971 .ludatorum‘?
373 1949 436 1969 num
450 1941 570 1968 homines
583 1941 643 1967 tuba
658 1939 802 1967 canentes?
817 1940 850 1966 At
861 1939 977 1973 oportuit

191 1988 263 2015 domi
276 1988 410 2015 sedentem
426 1987 538 2022 gemitus
551 1993 582 2013 ac
596 1986 724 2020 lacrymas
741 1993 787 2020 pro
801 1985 851 2011 illis
867 1983 976 2018 profun-

192 2034 272 2066 dere,
285 2033 355 2067 quod
371 2032 498 2059 rebellent
512 2035 644 2066 pratccpto
664 2030 727 2062 Dei,
750 2029 819 2064 quod
840 2029 975 2056 diabolutn

193 2078 307 2105 habeant
331 2085 392 2104 cum
412 2077 473 2111 ipsis
492 2077 602 2103 choreas
620 2080 750 2110 agentem.
771 2074 853 2107 Nam,
866 2079 895 2100 ut
916 2078 977 2100 ante

193 2123 256 2154 dixi,
271 2123 340 2157 quod
351 2123 380 2148 fit.
391 2126 486 2156 prtctcr
500 2121 659 2148 voluntatem
674 2121 729 2152 Dei,
741 2120 844 2147 etiarnsi
855 2120 976 2154 aliquan-

192 2169 227 2195 do
237 2168 283 2194 fuit
297 2167 453 2201 permissum
465 2188 472 2198 ,
490 2171 578 2200 postea
593 2166 699 2192 violatio
712 2166 775 2198 legis
786 2169 835 2197 est,
858 2169 884 2192 et
897 2165 976 2191 innu-

193 2214 359 2242 merabilium
391 2213 579 2247 suppliciorum
604 2213 722 2239 materia.
739 2211 813 2238 Tuba
846 2210 977 2238 canebant

192 2260 276 2287 .ludzt‘i
293 2264 346 2286 tum
360 2267 420 2285 cum
435 2258 566 2292 habebant
579 2258 722 2290 sacrificia,
738 2264 807 2283 nunc
833 2264 897 2283 vero
923 2264 975 2282 non

193 2306 254 2332 licet
274 2305 325 2331 illis
344 2304 413 2330 idem
435 2303 533 2330 facere.
560 2303 673 2330 Proinde
686 2303 847 2342 accipe‘jam
858 2323 865 2334 ,
877 2310 927 2337 qua
942 2303 976 2330 de

193 2358 272 2378 causa
300 2350 367 2377 datm
395 2350 448 2376 sint
470 2349 519 2376 illis
543 2349 622 2376 tubm.
638 2348 707 2379 Fac,
724 2349 820 2382 inquit,
837 2349 879 2374 tibi
905 2349 975 2374 tuba:

193 2397 297 2423 ductile;
316 2401 445 2430 argenteas
469 2394 562 2430 (Num.
577 2394 620 2422 10.
642 2394 681 2430 2),
701 2402 815 2429 moxque
838 2402 975 2421 common-

194 2447 281 2468 strans
305 2449 378 2468 usum
395 2441 510 2473 illarum,
526 2441 648 2475 subjicit:
662 2441 693 2467 Et
707 2441 758 2467 illis
771 2441 852 2467 canile
865 2442 891 2467 in
904 2442 976 2467 holo-

193 2488 338 2514 cautomatis
347 2488 442 2519 vestris,
451 2493 474 2514 et
487 2488 513 2514 in
527 2488 592 2514 sacri
594 2487 657 2521 ﬁciis
665 2487 813 2514 salutarium
827 2492 973 2513 uestrorum.

194 2531 244 2560 Ubi
265 2532 343 2566 igitur
356 2537 397 2559 est
410 2532 507 2564 altare,
523 2532 566 2559 ubi
580 2540 655 2563 arca,
670 2532 714 2558 ubi
728 2531 923 2558 tabernaculum
950 2536 976 2558 et

194 2577 468 2610 Sanctasanctorum,
479 2578 523 2604 ubi
546 2578 680 2608 sacerdos,
697 2577 740 2603 ubi
755 2576 896 2603 Cheruhim
916 2576 975 2611 glo-

191 2626 254 2656 τίω,
276 2623 320 2650 ubi
346 2622 506 2649 thuribulum
531 2630 656 2655 aureum,
680 2622 722 2649 ubi
748 2621 974 2656 propitiatorium,

192 2670 237 2695 ubi
253 2668 348 2704 phiala,
363 2668 405 2694 ubi
423 2672 520 2702 paterae
533 2669 670 2700 libatorite,
682 2669 724 2695 ubi
741 2667 808 2702 ignis
820 2668 864 2694 ille
874 2668 975 2694 caelitus

192 2714 341 2740 demissus?
360 2713 426 2740 Cum
445 2713 533 2741 omnia
547 2713 683 2745 amiseris,
699 2713 763 2740 nihil
786 2713 855 2740 aliud
878 2713 975 2740 retines

192 2768 271 2794 quam
288 2761 378 2787 tubas?
393 2759 472 2787 Vides
492 2760 550 2786 illos
565 2760 655 2787 ludere
680 2760 767 2786 verius
789 2767 868 2794 quam
893 2759 974 2786 Deum

193 2806 298 2834 colere?
311 2807 404 2834 Verum
428 2806 649 2841 qt'.ettiatiiiiodtttn
664 2806 723 2833 illos
734 2807 869 2842 culpamus
881 2828 889 2841 ,
905 2806 974 2841 quod

800 206 980 234 ADVERSUS
997 205 1147 234 JUDIEOS.
1168 205 1211 233 Ν.
1228 234 1234 238 ,

1762 211 1815 238 882

1034 263 1120 297 legem
1137 262 1379 297 transgrediuntur:
1397 264 1430 290 ita
1455 264 1538 292 multo
1549 265 1632 300 magis
1642 272 1689 293 vos
1712 266 1818 294 int-usa.

1033 315 1092 334 mus
1103 328 1110 340 ,
1124 308 1194 342 quod
1209 307 1242 334 ad
1270 312 1481 343 transgressores
1495 310 1558 344 legis
1575 311 1751 344 concurritis;
1767 319 1819 340 nec

1031 355 1091 381 illos
1106 359 1223 384 tantum.
1239 355 1282 386 qui
1298 362 1330 381 eo
1356 360 1527 388 concurrunt,
1542 364 1634 384 verttm
1659 358 1738 384 ctiam
1767 367 1815 386 eos

1030 400 1127 434 quibus
1138 408 1197 426 cum
1211 399 1245 426 sit
1267 400 1410 427 auctoritas
1422 402 1576 436 prohibendi
1589 410 1665 435 suos,
1678 405 1762 431 nolint
1775 409 1814 432 la-

1033 453 1093 472 mcn
1123 445 1147 472 id
1168 445 1263 472 facere.
1289 446 1326 473 Ne
1338 447 1400 473 mihi
1417 447 1605 482 dixeris:quid
1621 449 1753 476 mihicum
1770 450 1815 477 illo

1029 490 1180 517 commercii
1194 491 1254 517 est?
1272 491 1381 517 Alienus
1393 495 1449 523 est,
1465 491 1567 525 ignotus
1582 497 1636 519 est.
1654 493 1719 520 Dum
1737 493 1816 522 fuerit

1030 534 1115 561 ﬁdelis
1125 556 1132 566 ,
1148 535 1209 561 dum
1225 536 1377 562 eornmdem
1393 537 1521 570 particeps
1537 538 1720 572 mysteriorum
1731 559 1739 571 ,
1752 538 1813 565 dum

1029 580 1054 606 iu
1069 580 1190 607 eamdem
1215 582 1339 608 convenit
1353 581 1498 608 Ecclesium
1508 602 1515 613 ,
1529 587 1554 608 et
1569 582 1692 610 fratribus
1702 602 1710 615 ,
1725 588 1752 610 et
1770 590 1813 610 co-

1028 626 1129 659 gnatis,
1143 629 1169 652 ct
1183 626 1339 652 necessariis
1349 647 1356 658 ,
1369 631 1395 653 et
1408 627 1511 653 caeteris
1525 627 1647 654 omnibus
1657 634 1697 654 est
1706 627 1813 663 propin.

1029 671 1114 705 quior.
1130 671 1243 698 Proinde
1256 672 1324 698 sicut
1339 680 1390 698 non
1410 672 1457 706 ipsi
1472 677 1572 699 tantum
1594 672 1665 700 fures
1680 673 1742 700 dant
1757 681 1814 708 po:-

1029 724 1089 749 nas,
1107 725 1197 743 verum
1211 718 1290 744 etiam
1309 718 1401 745 eadem
1418 725 1494 752 poma
1507 719 1660 752 plectuntur
1675 720 1703 753 ii,
1720 721 1815 756 quibus

1029 768 1088 787 cum
1115 767 1186 789 esset
1211 767 1327 796 potestas
1338 764 1456 795 vetandi,
1479 771 1530 790 non
1544 769 1684 792 vetuerunt
1707 770 1812 792 tamen:

1029 806 1064 833 ita
1077 814 1128 833 non
1142 808 1227 833 solum
1239 808 1283 841 qui
1308 808 1388 840 impie
1399 814 1492 843 agunt,
1504 817 1596 836 verum
1608 810 1687 837 etiam
1703 810 1740 838 illi
1766 812 1812 845 qui

1028 859 1088 878 cum
1105 852 1204 885 possint
1219 852 1252 879 ab
1275 852 1408 886 impietate
1435 861 1574 886 revocare,
1602 859 1688 882 tamen
1717 855 1759 883 vel
1779 855 1815 883 ob

1029 897 1175 932 pigritiam.
1191 897 1233 925 vel
1249 897 1283 924 ob
1305 898 1469 925 timiditatem
1483 899 1507 925 id
1520 899 1606 926 facere
1621 900 1723 934 nolunt,
1735 900 1815 928 simili

1030 950 1090 969 cum
1105 942 1157 969 illis
1180 951 1255 977 pinna
1272 943 1433 978 plectuntur.
1447 944 1583 978 Siquidem
1600 945 1725 972 talentum
1750 946 1814 973 illud

1029 988 1099 1021 quod
1114 994 1250 1021 acceperat
1261 996 1292 1015 ac
1302 988 1438 1015 defoderat
1450 996 1542 1016 servus
1555 990 1608 1023 ille,
1620 990 1732 1017 reddidit
1747 990 1816 1018 inte-

1029 1042 1119 1068 grum;
1145 1038 1259 1061 attamen
1285 1034 1331 1061 dat
1357 1042 1509 1069 pmoas,eo
1533 1036 1602 1069 quod
1629 1043 1679 1062 non
1706 1041 1816 1064 auxerat

1029 1078 1130 1106 lucrum
1154 1078 1266 1114 (Matth.
1281 1079 1322 1107 18Δ
1338 1080 1381 1106 2-4.
1395 1080 1472 1114 sqq.):
1498 1081 1531 1107 ita
1548 1085 1574 1107 tu
1587 1080 1692 1115 quidem
1711 1081 1815 1108 etiamsi

1029 1124 1086 1157 ipse
1101 1131 1182 1158 pttrus
1196 1129 1220 1151 et
1235 1125 1360 1151 innocens
1373 1132 1543 1158 persuveres,
1558 1125 1579 1151 si
1594 1133 1645 1152 non
1660 1133 1756 1160 augeas
1777 1131 1816 1153 ta-

1030 1169 1147 1200 lentum,
1164 1177 1212 1196 ncc
1223 1169 1329 1196 fratrem
1342 1175 1495 1204 pereuntem
1510 1177 1619 1197 revoces
1635 1170 1667 1197 ad
1685 1170 1814 1203 salutem,

1032 1213 1124 1240 eadem
1137 1221 1196 1247 qua:
1212 1214 1255 1241 ille
1271 1215 1387 1248 patieris.
1401 1214 1468 1247 Quid
1484 1214 1569 1248 magni
1592 1215 1716 1249 postulo?
1728 1214 1814 1242 Unus-

1029 1260 1140 1293 quisque
1152 1264 1268 1286 \'cstrum
1285 1268 1364 1286 unum
1378 1260 1441 1286 mihi
1456 1268 1487 1286 cx
1503 1260 1626 1287 fratribus
1648 1260 1681 1288 ad
1703 1261 1815 1289 salutem

1030 1310 1154 1337 revocet;
1169 1305 1212 1332 hic
1222 1306 1360 1337 sollicitus,
1379 1306 1421 1333 hic
1433 1306 1543 1340 quisque
1553 1306 1673 1333 curiosus
1683 1311 1751 1341 esto,
1763 1315 1815 1342 quo

1030 1351 1153 1378 nimirum
1165 1351 1190 1378 in
1204 1352 1318 1378 cra>tina
1332 1352 1440 1379 collecta
1457 1352 1537 1378 multa
1552 1359 1610 1379 cum
1635 1353 1727 1380 fiducia
1740 1361 1814 1381 com-

1029 1404 1171 1431 pareamus
1190 1397 1299 1424 donaria
1323 1398 1376 1424 Deo
1399 1398 1531 1429 ferentes,
1549 1398 1656 1424 donaria
1669 1419 1676 1431 ,
1692 1398 1813 1434 inquam,

1030 1442 1148 1468 onmium
1165 1442 1370 1476 pretiosissima,
1385 1442 1405 1469 si
1422 1442 1524 1469 animas
1538 1443 1683 1470 errantium
1699 1443 1814 1471 reduxe-

1029 1488 1130 1519 rimus;
1144 1488 1249 1515 etiamsi
1267 1489 1426 1515 contumelia
1443 1488 1520 1515 fuerit
1531 1487 1638 1515 ferenda
1648 1509 1655 1521 ,
1668 1489 1690 1516 si
1702 1489 1817 1516 toleran-

1029 1533 1062 1559 da
1086 1533 1212 1566 verbera,
1239 1533 1261 1560 si
1285 1533 1388 1568 quidvis
1413 1533 1482 1560 aliud
1505 1532 1700 1566 suffer-endam,
1726 1534 1815 1561 omnia

1030 1578 1157 1605 faciamus
1182 1583 1211 1605 ut
1237 1579 1295 1605 illos
1318 1586 1515 1612 recupercmus.
1538 1579 1757 1614 Quandoqttidcm
1784 1584 1813 1607 et

1029 1629 1144 1657 trgrotos
1158 1623 1274 1650 calcibus
1302 1623 1443 1656 ferientes,
1459 1625 1626 1651 contumeliis
1639 1630 1667 1652 et
1688 1625 1816 1652 conviciis

1029 1669 1194 1697 incessentes
1218 1670 1345 1701 ferimus,
1372 1678 1421 1697 nec
1446 1670 1606 1697 offendimur
1628 1671 1813 1698 contumeliis:

1029 1722 1122 1742 verum
1146 1715 1210 1741 nihil
1237 1715 1307 1741 aliud
1323 1715 1412 1742 videre
1427 1715 1547 1749 cupimus
1558 1736 1565 1748 ,
1580 1723 1658 1750 quam
1673 1716 1814 1743 sanitatem

1029 1759 1144 1787 hominis
1154 1768 1202 1794 per
1216 1761 1338 1787 morbum
1354 1761 1477 1787 indecora
1490 1760 1621 1788 facientis.
1636 1761 1703 1795 Quin
1718 1766 1744 1788 et
1756 1769 1814 1789 me-

1029 1805 1081 1832 dici
1097 1810 1196 1833 vestem
1221 1814 1292 1840 smpe
1315 1807 1440 1834 laceravit
1454 1811 1585 1841 :egrotans
1595 1827 1602 1839 ,
1618 1811 1645 1833 at
1659 1815 1712 1833 non
1726 1807 1785 1834 ideo
1798 1816 1813 1835 a

1029 1858 1091 1878 cura
1114 1851 1215 1877 destitit
1241 1851 1293 1878 ille.
1319 1852 1367 1884 Qui
1384 1852 1412 1878 fit
1437 1851 1525 1886 igitur,
1542 1856 1569 1878 ut
1590 1852 1634 1886 qui
1657 1852 1814 1886 corporibus

1030 1896 1188 1927 consulunt,
1204 1900 1276 1923 tanta
1291 1901 1397 1923 utantur
1411 1897 1545 1931 diligentia
1556 1918 1562 1927 ,
1581 1904 1629 1924 nos
1650 1901 1688 1923 tot.
1712 1898 1813 1924 anima-

1030 1942 1079 1969 bus
1091 1942 1260 1975 percuntibus
1270 1949 1415 1974 cessemus,
1428 1942 1535 1976 perinde
1546 1942 1619 1977 quasi
1633 1942 1814 1969 existimemus

1029 1987 1095 2014 nihil
1108 1988 1228 2014 accidere
1253 1996 1348 2022 grave,
1364 1995 1423 2014 cum
1451 1988 1570 2014 membra
1591 1992 1680 2014 nostra
1710 1992 1813 2021 putres-

1029 2033 1110 2059 cunt?
1124 2034 1158 2059 At
1171 2041 1222 2059 non
1234 2033 1269 2059 ita
1282 2033 1376 2060 Paulus
1388 2041 1395 2060 :
1407 2032 1453 2059 sed
1468 2032 1618 2066 quomodo?
1630 2033 1707 2065 Quia,
1719 2033 1812 2066 inquit,

1029 2078 1180 2111 inlinuntur,
1197 2082 1220 2104 et
1232 2086 1281 2104 non
1293 2078 1423 2110 inﬁrmor?
1438 2077 1500 2110 Quis
1511 2076 1655 2109 o/Ienditur,
1669 2081 1691 2103 et
1704 2085 1749 2112 ego
1763 2085 1813 2103 non

1028 2131 1088 2149 urar
1102 2122 1138 2158 (2.
1155 2123 1213 2149 Cor.
1225 2123 1268 2149 Η.
1282 2121 1340 2157 ‘29)?
1351 2122 1425 2149 llunc
1440 2123 1525 2157 ignem
1539 2127 1564 2148 tu
1576 2129 1679 2156 quoque
1692 2122 1811 2156 concipe,

1028 2172 1055 2195 et
1070 2169 1091 2195 si
1105 2167 1274 2202 conspexeris
1287 2168 1392 2194 fratrem
1409 2173 1561 2201 pereuntem
1570 2188 1577 2200 ,
1589 2167 1709 2201 quamvis
1720 2167 1810 2194 conri-

1028 2214 1123 2244 cietur.
1135 2214 1253 2248 quamvis
1265 2213 1449 2240 contumeliam
1463 2212 1574 2245 inferat,
1588 2212 1706 2246 quamvis
1720 2212 1808 2240 vcrhe‘

1027 2264 1080 2292 ret,
1093 2259 1214 2293 quamvis
1229 2259 1364 2285 minitetur
1380 2266 1409 2285 se
1424 2258 1539 2284 futurum
1554 2260 1665 2288 hostem,
1681 2261 1726 2284 aut
1740 2257 1809 2286 aliud

1028 2304 1283 2339 quidlibctintemet,
1295 2303 1336 2330 fac
1349 2303 1436 2330 omnia
1449 2303 1566 2338 perferas
1580 2303 1690 2334 fortiter,
1705 2308 1733 2330 ut
1743 2302 1811 2330 illius

1028 2349 1177 2376 lucrifacias
1187 2349 1309 2376 salutem.
1318 2349 1345 2376 Si
1362 2349 1404 2376 ille
1419 2348 1463 2375 fiat
1474 2349 1596 2376 inimicus
1605 2369 1613 2380 ,
1625 2348 1694 2376 Deus
1705 2349 1750 2375 tibi
1761 2349 1811 2376 erit

1028 2396 1138 2427 amicus;
1150 2396 1303 2429 magnisque
1317 2395 1342 2421 in
1355 2394 1397 2421 die
1408 2394 1455 2421 illo
1465 2393 1541 2421 bonis
1555 2399 1579 2420 te
1590 2394 1808 2421 remunerabitur.

1028 2441 1133 2468 Utinam
1147 2446 1234 2467 autem
1247 2441 1272 2466 id
1285 2440 1387 2467 eveniat
1399 2444 1549 2466 sanctorum
1561 2439 1628 2466 votis
1637 2446 1668 2466 ac
1678 2439 1809 2473 precibus,

1027 2491 1056 2513 ut
1070 2492 1096 2513 et
1118 2487 1162 2521 qui
1175 2487 1199 2513 in
1209 2494 1325 2513 errorem
1350 2485 1454 2512 abducti
1469 2489 1547 2518 sunt,
1564 2491 1754 2520 recuperentur
1777 2485 1811 2512 ad

1028 2532 1156 2564 salutem,
1172 2538 1198 2559 et
1211 2540 1257 2558 vos
1271 2532 1295 2558 in
1312 2531 1362 2558 hoc
1376 2536 1470 2558 venatu
1485 2531 1537 2558 voti
1551 2535 1686 2566 compotes
1713 2531 1810 2558 evada-

1029 2578 1079 2610 tis;
1103 2583 1130 2604 ct
1157 2578 1194 2604 illi
1223 2577 1271 2611 ipsi
1294 2577 1458 2612 blasphemi,
1485 2577 1589 2604 liberati
1616 2576 1649 2603 ab
1676 2576 1810 2609 impietate

1027 2629 1092 2655 sua,
1115 2622 1249 2649 Christum
1282 2626 1425 2656 agnoscant
1459 2629 1506 2656 pro
1534 2621 1597 2655 ipsis
1632 2621 1808 2652 crucifixum,

1028 2673 1056 2694 ut
1090 2676 1183 2695 omnes
1210 2675 1262 2694 uno
1289 2668 1394 2700 animo,
1420 2668 1565 2701 eodemque
1595 2674 1642 2694 ore
1677 2666 1810 2701 glorifice-

1029 2721 1087 2740 mus
1103 2714 1185 2741 Deum
1201 2718 1226 2740 et
1243 2713 1346 2740 Patrem
1360 2713 1464 2740 Domini
1475 2712 1557 2739 nostri
1567 2711 1629 2738 .lesu
1643 2711 1750 2742 Christi,
1769 2712 1809 2737 cui

1027 2759 1110 2792 gloria
1125 2763 1151 2785 ct
1165 2758 1281 2793 polentia
1296 2766 1354 2784 cum
1369 2762 1460 2785 sancto
1469 2756 1568 2793 Spiritu
1581 2756 1605 2782 in
1619 2761 1710 2782 cuncta
1725 2763 1805 2781 ςυρψ

1028 2805 1052 2831 la
1063 2804 1232 2836 sa'culorum,
1247 2804 1341 2830 Amen.
