2006 3124
339 237 1010 248 _______—____._._

635 276 746 330 ΑΒ
758 276 952 331 VERS
964 275 1047 328 US

529 388 624 408 ORATIO
642 388 748 412 QUINTA.

287 429 311 455 l.
334 427 408 455 Unde
423 427 497 454 nobis
523 427 600 453 hodie
621 426 782 460 frequentior
793 428 939 451 conventus
953 425 1035 450 lactus

247 475 310 502 est?
330 475 368 502 Ad
392 473 588 508 efﬂagitandnm
614 473 684 506 quod
710 471 818 505 polliciti
844 477 935 496 sutnus
959 470 1035 503 plane

249 520 421 551 convenistis,
447 525 474 546 nl.
496 523 633 553 argentum
649 517 702 551 igni
730 516 879 550 probatum,
896 515 966 549 quod
992 522 1035 541 me

250 567 326 594 vobis
337 566 517 593 exhibiturum
534 564 706 598 promiseram
717 583 724 596 ,
740 562 885 595 accipiatis.
900 561 965 588 Nam
979 561 1033 587 elo-

248 612 321 646 quia,
339 611 433 645 inquit,
446 609 509 640 Dei,
523 609 622 642 eloquia
641 613 709 634 casta
722 615 730 633 :
745 611 876 642 argentum
896 607 953 640 igne
970 613 1033 632 exa-

248 657 379 688 minatum,
408 656 540 690 probatum
562 659 634 680 terra:
658 652 742 686 (Psol.
758 652 800 679 11.
816 651 853 686 7),
876 650 1034 677 Benedictus

248 703 328 733 Deus,
340 709 382 734 qm
398 701 470 727 vobis
486 705 585 726 tantum
597 698 719 725 audiendi
731 697 881 731 spirituales
892 703 1031 723 sermones

249 747 386 781 inspiravit
405 746 538 772 ardorem.
565 743 792 778 Quemadmodum
812 742 882 769 enim
911 741 1032 768 homines

246 791 308 817 vino
321 796 346 817 et
362 791 512 825 potionibus
527 789 608 816 dediti
621 810 627 820 ,
642 789 745 823 singulo
757 795 860 822 quoque
874 787 918 814 die
938 787 1031 813 obam-

247 837 356 868 bulant,
382 837 537 869 curioseque
559 835 724 868 disquirunt,
754 833 797 859 ubi
824 832 1032 866 compotationes

246 882 387 916 agitentur,
412 881 456 907 ubi
476 880 611 912 convivia,
629 879 671 905 uhi
699 886 799 909 C(I‘Illl',
825 877 870 903 tibi
896 883 1032 903 comessa-

247 929 347 959 tiones,
364 927 407 953 tibi
422 926 592 957 tcntulcntim,
617 925 722 960 phialze,
739 930 854 950 crateres
868 927 895 950 et
918 922 1029 956 poeula:

246 974 284 1000 sic
298 977 325 1000 ct
339 979 386 999 vos
402 971 521 1007 quotidie
533 971 609 998 simul
625 975 703 1004 atque
726 969 895 996 surrexeritis
905 989 912 1000 ,
927 968 1031 994 curiose

246 1018 396 1053 perquiritis
407 1038 413 1049 ,
425 1017 530 1043 ubinam
547 1017 630 1042 futura
645 1015 680 1042 sit
698 1014 857 1046 exhortatio,
872 1013 915 1039 llltl
940 1012 1031 1038 admo-

246 1065 328 1097 nitio,
344 1064 387 1090 ubi
409 1063 539 1095 doctrina,
561 1062 602 1088 ubi
623 1068 710 1088 sermo
738 1060 771 1086 ad
798 1059 907 1094 gloriam
931 1057 1030 1084 Christi

245 1110 406 1138 conducens.
422 1110 492 1142 Quas
504 1109 538 1135 ob
553 1115 594 1135 res
618 1111 647 1134 et
673 1114 721 1133 nos
735 1113 840 1140 quoque
860 1103 1031 1138 propensiore

244 1157 332 1183 stitdio
345 1155 413 1190 quod
427 1154 535 1189 polliciti
553 1161 643 1180 sumus
655 1151 836 1186 aggredimur:
857 1154 883 1176 et
896 1157 954 1183 qum
971 1154 1030 1182 pro-

245 1202 382 1233 misimus,
411 1200 583 1227 libentissime
608 1197 800 1232 praistabimus.
825 1196 916 1229 Itaque
945 1200 1029 1228 pugna

244 1247 321 1274 nobis
333 1245 501 1273 cum‘Juda-is
511 1248 642 1278 suscepta,
658 1243 756 1270 exitum
771 1249 849 1276 quem
858 1239 958 1271 debuit,
973 1246 1029 1265 sor-

247 1294 291 1320 tita
318 1297 368 1319 est.
393 1292 532 1325 Tropzcum
558 1294 675 1317 erectum
697 1294 752 1320 est,
776 1293 802 1315 et
827 1293 923 1314 cormia
953 1285 1030 1311 nobis

244 1345 317 1374 parta
331 1342 387 1371 est,
403 1343 426 1364 et
443 1338 560 1364 [navium
576 1344 608 1363 ex
622 1336 756 1369 superiore
769 1334 897 1361 concione
910 1336 1030 1366 reporta-

243 1387 340 1412 viuius.
364 1384 498 1418 Siquidem
525 1383 575 1409 hoc
600 1387 802 1414 susceperamus
827 1378 973 1413 agendum,
1000 1381 1029 1404 ut

242 1432 484 1458 denmnstraremus
498 1428 565 1463 quod
577 1436 606 1454 ea
620 1435 676 1461 qua:
688 1433 758 1453 nunc
769 1426 834 1452 liunt
848 1425 882 1451 ab
895 1424 964 1456 istis,
976 1423 1028 1449 sint

241 1477 362 1513 qutrdam
395 1475 568 1510 transgressio
605 1474 670 1508 li-gis
705 1471 952 1507 pricvaricatioque.
979 1475 1028 1495 nec

241 1522 311 1548 aliud
323 1529 399 1555 quam
411 1520 545 1547 hominum
559 1519 684 1545 adversus
694 1518 775 1544 Deum
790 1516 929 1543 commissa
943 1520 1027 1548 pugna

242 1568 406 1600 beilumque:
423 1565 502 1599 idque
516 1565 571 1590 Deo
587 1563 727 1590 auxiliante
741 1561 816 1588 nobis
830 1559 1027 1586 accuratissime

241 1613 450 1638 demonstratum
475 1615 524 1636 cst.
541 1609 645 1636 Etenim
668 1608 688 1634 si
703 1607 834 1634 civitatem
848 1613 921 1632 suum
937 1608 1027 1631 essent

241 1656 382 1690 aliquando
407 1654 553 1688 recepturi,
578 1658 605 1680 et
626 1653 659 1679 ad
682 1652 819 1686 pristinum
843 1650 904 1676 vitzc
930 1654 1025 1676 statum

241 1701 368 1732 redituri,
384 1700 561 1734 templumque
572 1699 743 1725 instauratum
760 1696 854 1726 visuri,
868 1701 1025 1728 quamquam

238 1742 263 1768 id
280 1749 421 1775 nuinqnam
448 1745 489 1766 cst.
514 1743 645 1772 futurum;
660 1747 692 1766 ne
713 1739 751 1765 sic
771 1739 877 1772 quidem
899 1739 1028 1764 haberent

236 1788 334 1821 justam
345 1787 541 1813 exeusationcm
557 1792 649 1812 eorum
663 1791 721 1818 qua:
738 1783 845 1810 faciunt.
856 1783 920 1809 Nam
933 1787 960 1810 et
974 1788 1026 1809 tres

239 1833 276 1859 illi
290 1833 374 1867 pucri,
389 1837 418 1859 et
433 1831 531 1863 Daniel,
550 1831 691 1864 exterique
703 1836 796 1856 omnes
808 1829 852 1864 qui
866 1829 989 1855 vivebant
999 1829 1025 1855 in

236 1879 400 1913 captivitate,
407 1877 595 1912 exspectabant
602 1885 631 1903 sc
640 1880 791 1910 recepturos
799 1876 932 1902 civitatem
940 1883 1024 1907 suam,

237 1929 267 1951 ut
290 1929 351 1959 post
372 1931 456 1950 annos
476 1923 638 1958 septuaginta
661 1922 783 1949 viderent
807 1921 899 1956 patria:
921 1922 1024 1953 solum,

239 1971 410 2006 pristinisque
433 1970 552 1997 viverent
574 1969 676 2004 legibus
699 1968 777 2004 (Dan.
793 1969 805 1995 l
820 1973 842 1994 et
855 1968 933 2002 seqq).
947 1967 1026 2002 Atqui

237 2026 298 2045 cum
314 2018 364 2044 hoc
379 2017 431 2044 illis
444 2016 582 2044 evidenter
595 2019 665 2042 esset
679 2015 836 2049 promissum
849 2034 854 2045 ,
874 2022 907 2040 nc
917 2014 954 2040 sic
967 2013 1026 2048 qui-

238 2064 299 2091 dem
315 2067 377 2090 ante
393 2061 594 2096 promissionem
609 2066 636 2088 et
657 2060 770 2087 reditmn
792 2059 849 2086 ausi
874 2063 935 2085 sunt
949 2058 1027 2092 quid-

237 2117 316 2143 quam
332 2116 424 2136 eortun
434 2107 603 2142 facerejuxta
621 2107 686 2140 legis
699 2106 782 2138 ritus,
794 2112 853 2139 qua:
864 2105 962 2131 faciunt
973 2104 1026 2130 isti.

239 2157 295 2182 lloc
309 2160 385 2189 pacto
399 2153 497 2189 poteris
516 2159 543 2180 et
558 2153 613 2186 ipse
623 2152 716 2179 Judwo
743 2159 775 2177 os
788 2150 938 2177 occludere.
955 2150 1027 2183 ltnga

237 2203 328 2234 illum,
343 2208 392 2235 qua
406 2200 439 2226 de
452 2206 530 2226 causa
544 2199 649 2232 jejunus
660 2218 667 2229 ,
682 2204 742 2224 cum
758 2205 810 2223 non
825 2196 922 2223 habeas
936 2195 1028 2222 civita-

238 2253 291 2274 tem
303 2246 314 2272 ?
327 2245 403 2280 Quod
414 2245 435 2272 si
447 2244 552 2275 dixerit,
565 2243 688 2278 quoniam
704 2251 783 2277 spero
797 2250 840 2269 mc
859 2247 1026 2276 recepturum

238 2293 384 2324 civitatem,
400 2291 442 2318 dic
455 2290 491 2317 illi
509 2299 515 2317 :
533 2290 642 2323 proinde
657 2289 774 2323 quiesce,
788 2287 872 2314 donec
885 2288 1026 2321 receperis.

240 2340 306 2368 Nam
330 2339 369 2366 illi
393 2338 492 2369 sancti,
507 2337 592 2363 donec
612 2335 644 2361 ad
660 2335 770 2369 patriam
793 2341 868 2360 suam
894 2334 1026 2366 redirent,

239 2387 306 2413 nihil
319 2393 411 2412 eorum
427 2392 485 2418 qua:
500 2388 528 2409 tu
543 2382 606 2409 lacis
619 2403 625 2413 ,
638 2382 694 2408 ausi
710 2385 773 2408 sunt
784 2380 880 2408 facere.
896 2381 1026 2414 Proinde,

239 2438 265 2460 ut
280 2432 367 2467 palam
378 2435 428 2462 est,
444 2436 513 2456 nunc
525 2428 608 2462 legem
624 2428 668 2454 Dei
680 2427 764 2453 violas
777 2436 783 2453 :
796 2427 911 2458 etiamsi,
928 2431 956 2453 ιιι
970 2427 1010 2453 ais
1020 2447 1027 2459 ,

240 2483 397 2512 recepturus
409 2476 446 2503 sis
460 2475 592 2502 civitatem
605 2493 613 2506 ,
629 2479 715 2499 tamen
730 2479 804 2508 pacta
819 2481 878 2499 cum
895 2473 950 2499 Deo
966 2473 1028 2499 inita

240 2523 386 2554 rescindis,
401 2527 427 2549 et
441 2522 466 2547 in
481 2522 565 2555 ipsum
577 2520 638 2546 vita:
650 2523 748 2546 statuat
763 2518 973 2546 contumeliosis
988 2525 1027 2545 cs.

242 2570 322 2605 Igitur
348 2569 372 2595 in
389 2567 508 2594 oratione
521 2565 658 2600 superione
669 2565 782 2592 diximus
796 2570 891 2592 vestrae
907 2564 1028 2597 caritati,

239 2619 365 2651 quantum
388 2614 452 2641 satis
473 2612 506 2639 ad
521 2611 710 2639 retundendam
727 2610 877 2638 Iudaeorum
892 2610 1030 2644 impuden-

242 2664 320 2695 tiam,
334 2660 403 2688 ct--ad
419 2657 727 2693 redarguendameorum
741 2657 994 2691 prtevaricationem.

277 2707 408 2742 ’l'cntplum
429 2704 578 2731 Iudaeorum
600 2711 736 2737 numquam
760 2701 955 2728 restaurando":
979 2708 1032 2726 esse

241 2759 369 2789 probatur.
385 2766 421 2772 α·
431 2751 561 2778 Caeterum
581 2748 687 2784 quando
703 2756 753 2775 non
766 2747 819 2774 hoc
838 2752 938 2773 tantum
954 2746 1030 2773 nobis

241 2804 299 2825 erat
319 2797 493 2832 propositum,
510 2801 536 2823 ut
550 2795 654 2823 illorum
669 2802 715 2822 ora
730 2793 923 2825 clauderemus,
938 2800 1029 2819 verum

244 2848 272 2869 nt
286 2844 431 2871 Ecclesium
456 2843 588 2876 copiosius
603 2841 637 2868 de
659 2841 714 2867 suis
731 2840 845 2876 propriis
862 2838 1031 2874 dogmatibus

274 2897 284 2912 ι
301 2899 359 2919 'm-s
368 2893 434 2922 1.155.,
442 2897 528 2918 contra
539 2893 642 2918 Jutle
648 2893 755 2919 Itomilia
766 2892 845 2918 tertia.

608 171 636 199 S.
658 173 794 201 JOANNIS
812 172 1046 200 CHRYSOSTORH
1069 172 1224 200 AllClllEP.
1246 172 1512 202 CONSTANTINOP.

1817 178 1862 207 εει

1087 277 1414 331 JUD/EOS
1439 279 1463 330 ¹.

1090 379 1261 407 etlocercntus
1273 389 1280 407 :
1294 388 1342 416 age
1355 390 1446 408 rursus
1458 387 1484 409 ct
1498 382 1548 409 hoc
1560 391 1592 410 ex
1605 383 1748 410 abundanti
1761 383 1870 412 demon—

1088 430 1213 457 stremus.
1227 426 1296 460 quod
1309 427 1433 461 templum
1454 435 1594 461 numquam
1609 428 1803 460 instaurabitur,
1821 436 1867 456 ne-

1087 478 1137 504 quc
1153 471 1184 497 ad
1200 472 1338 506 pristinum
1353 473 1412 499 vit-t-
1425 477 1521 500 statum
1535 474 1688 500 restituendi
1704 474 1786 501 Judmi
1799 479 1866 502 sunt.

1087 515 1142 542 lloc
1155 520 1231 550 pacto
1245 516 1299 548 lict,
1315 522 1382 544 utet
1395 525 1441 544 vos
1451 518 1572 545 exactius
1587 519 1715 546 noveritis
1729 520 1868 553 apostolica

1088 560 1221 594 dogmata,
1234 566 1260 588 et
1276 561 1312 588 illi
1327 567 1418 588 contra
1428 563 1461 589 ad
1485 563 1611 597 majorem
1632 564 1791 597 impietatem
1807 573 1864 598 pro-

1088 605 1154 639 lapsi
1176 606 1325 640 capiantur.
1348 607 1444 634 llarum
1461 616 1523 635 vero
1539 617 1626 635 rerum
1644 615 1736 636 testem
1759 609 1868 637 adduce-

1088 659 1146 677 mus
1165 659 1216 678 non
1231 653 1365 687 angelum,
1381 662 1433 680 non
1448 654 1647 689 archangelum,
1665 656 1711 682 sed
1727 656 1796 682 orbis
1808 657 1864 688 uui-

1087 696 1154 722 versi
1172 697 1315 731 principem
1331 698 1470 726 Dominum
1486 704 1604 727 nostrum
1620 701 1709 727 Jcsum
1725 701 1864 729 Christum.

1086 740 1110 767 ls
1131 742 1211 774 cnim,
1226 750 1287 771 cum
1309 744 1442 779 ingressus
1460 745 1652 782 Jerosolymam
1676 748 1779 774 vidiSSel
1800 753 1864 776 tem—

1087 788 1169 822 plum,
1192 789 1275 816 dixit:
1292 789 1419 818 Futurum
1434 797 1460 818 ut
1473 791 1634 826 Jerosotyma
1652 794 1835 820 consultaretur
1848 804 1865 821 a

1085 835 1198 869 gentibus
1222 837 1322 868 multis,
1345 837 1423 864 donec
1445 838 1607 872 implerentur
1628 844 1740 874 tempora
1760 841 1865 875 gentium

1085 881 1221 907 multarum
1237 881 1312 916 (Luc.
1324 881 1354 908 2i
1363 901 1370 908 .
1387 882 1433 918 2-4)
1448 892 1454 909 :
1469 888 1572 918 tempus
1583 884 1733 918 signiﬁcatis
1746 893 1824 920 usque
1834 885 1864 912 ad

1084 927 1339 955 consummationem
1361 929 1462 956 nutudi.
1485 929 1523 956 Ac
1539 937 1629 956 rursus
1650 930 1705 956 hace
1718 930 1751 957 de
1772 931 1866 964 templo

1084 973 1258 999 comminatus
1271 979 1321 1006 est,
1348 974 1458 1008 loquens
1481 974 1628 1008 discipulis,
1645 982 1697 1001 non
1719 983 1865 1002 mansurum

1085 1017 1198 1051 lapidem
1218 1025 1298 1052 super
1320 1018 1433 1053 lapidem
1453 1019 1480 1045 in
1500 1026 1532 1046 eo
1547 1019 1605 1046 loco
1618 1020 1662 1054 qui
1686 1027 1738 1046 non
1752 1019 1867 1046 diruatur

1085 1061 1190 1098 (Matth.
1213 1063 1257 1089 2L
1283 1063 1333 1097 ‘2):
1359 1065 1497 1098 perspicue
1519 1064 1666 1098 prmdiccns
1688 1072 1747 1092 eum
1763 1073 1868 1100 prorsus

1084 1107 1289 1139 abolendum,et
1303 1109 1328 1135 in
1340 1114 1492 1143 perpetuam
1506 1109 1674 1136 solitudinem
1686 1109 1866 1144 redigendum.

1086 1151 1180 1178 Verum
1195 1152 1302 1180 Judaeus
1320 1153 1428 1180 omnino
1443 1154 1530 1188 rejicit
1543 1154 1592 1180 hoc
1607 1154 1796 1189 testimonium,
1819 1163 1868 1182 nec

1083 1198 1176 1232 recipit
1188 1205 1218 1224 ea
1235 1206 1293 1232 qua:
1307 1198 1429 1226 dicimus.
1446 1199 1571 1226 Inimicus
1588 1200 1670 1232 enim,
1685 1201 1778 1235 inquit.
1793 1209 1868 1227 nicus

1083 1247 1133 1274 est,
1147 1242 1191 1277 qui
1206 1243 1266 1269 talia
1281 1243 1413 1278 loquitur;
1428 1251 1478 1279 ego
1493 1244 1564 1271 illum
1577 1245 1651 1279 adegi
1668 1246 1694 1272 in
1708 1253 1812 1272 crucem
1823 1255 1829 1278 ;
1840 1252 1869 1272 et

1082 1289 1214 1321 quomodo
1227 1289 1351 1323 recipiam
1364 1289 1435 1316 illius
1450 1290 1649 1317 testimonium?
1665 1291 1742 1326 Atqui
1757 1291 1807 1318 hoc
1821 1293 1866 1326 ip—

1083 1340 1140 1359 sum
1157 1333 1251 1360 mirum
1264 1338 1315 1366 est,
1340 1342 1356 1360 o
1368 1334 1468 1367 Judaee,
1484 1335 1554 1370 quod
1571 1343 1630 1362 cum
1655 1340 1682 1362 tu
1705 1337 1871 1364 cruciﬁxcrés

1082 1385 1154 1410 cum,
1170 1378 1213 1405 ille
1229 1383 1367 1413 postquam
1383 1379 1430 1406 abs
1444 1385 1470 1407 te
1481 1381 1623 1408 cruciﬁxus
1637 1386 1688 1413 est,
1703 1386 1765 1408 tunc
1776 1382 1869 1409 civita-

1083 1428 1134 1449 tem
1151 1429 1221 1450 tuam
1236 1425 1339 1456 evertit,
1357 1429 1427 1452 tuam
1440 1430 1546 1460 gentem
1559 1426 1704 1460 dissipavit,
1728 1431 1800 1453 tuum
1819 1434 1871 1461 po-

1081 1468 1170 1503 pulum
1187 1477 1233 1503 per
1248 1470 1402 1497 universum
1416 1474 1507 1498 orbem
1523 1471 1666 1506 dispersit:
1680 1472 1803 1499 videlicet
1826 1481 1873 1500 re-

1081 1514 1136 1549 ipsa
1147 1514 1295 1547 declarans,
1310 1523 1339 1542 se
1352 1517 1540 1549 rcsurrcxisse,
1556 1524 1587 1544 ac
1599 1517 1698 1548 vivere,
1711 1521 1791 1552 atque
1798 1525 1874 1545 nunc

1080 1567 1140 1586 esse
1163 1560 1188 1586 in
1202 1561 1282 1587 emlis.
1303 1561 1432 1594 Quoniam
1449 1562 1518 1589 enim
1541 1569 1574 1589 ex
1593 1562 1737 1590 benefactis
1759 1563 1870 1591 noluisti

1080 1607 1224 1639 potentiam
1246 1607 1315 1633 illius
1331 1614 1502 1642 cognoscere,
1520 1616 1565 1643 per
1581 1616 1673 1642 pmnas
1686 1616 1718 1635 ac
1736 1610 1871 1643 supplicia

1079 1649 1272 1678 demonsnavit
1286 1652 1366 1678 robur
1377 1660 1464 1683 suum.
1481 1653 1633 1681 inevitabile
1645 1654 1743 1688 pariter
1754 1659 1782 1681 et
1794 1655 1875 1682 inex-

1081 1696 1229 1731 pllgnabile.
1248 1697 1280 1723 At
1294 1705 1327 1723 ne
1347 1698 1385 1724 sic
1400 1698 1506 1732 quidem
1527 1698 1624 1731 credis,
1639 1702 1685 1725 aut
1698 1703 1774 1733 putas
1796 1699 1874 1726 illum

1080 1748 1140 1767 esse
1153 1740 1246 1772 Deum,
1262 1748 1293 1768 ac
1309 1743 1390 1770 totius
1403 1743 1475 1770 orbis
1491 1743 1648 1776 Dominum;
1664 1745 1710 1772 sed
1733 1745 1879 1774 arbitraris

1081 1785 1217 1812 hominem
1237 1786 1319 1813 fuisse
1333 1787 1480 1822 vulgarent.
1497 1789 1553 1822 Age
1573 1788 1661 1823 igitur,
1679 1790 1789 1824 perinde
1803 1799 1840 1819 ac
1855 1793 1881 1819 si

1080 1831 1161 1858 homo
1174 1836 1276 1859 tantum
1299 1833 1387 1865 fuerit,
1411 1841 1468 1861 rem
1488 1835 1662 1862 excutiamus.
1677 1837 1742 1863 Cum
1764 1838 1879 1872 aliquos

1080 1876 1200 1904 videmus
1216 1877 1348 1910 homines,
1362 1887 1430 1913 quos
1443 1879 1468 1906 in
1485 1880 1609 1908 omnibus
1622 1883 1802 1916 comperimus
1815 1891 1882 1912 esse

1082 1929 1201 1955 veraces,
1227 1930 1276 1950 nec
1289 1923 1342 1950 ulla
1359 1924 1384 1950 in
1400 1932 1430 1951 re
1444 1925 1621 1952 mentientes:
1639 1926 1744 1960 horum,
1768 1928 1881 1956 etiamsi

1081 1967 1178 1994 fuerint
1193 1968 1293 2001 hostes,
1309 1969 1388 1996 modo
1400 1969 1544 2004 sapiamus,
1560 1971 1630 1998 dicta
1645 1973 1786 2006 recipimus
1802 1974 1881 2000 [tur-

1080 2020 1139 2040 sum
1153 2014 1176 2040 si
1191 2013 1334 2041 viderimus
1347 2022 1394 2042 eos
1413 2016 1579 2048 mentientes,
1595 2017 1698 2044 etiamsi
1714 2019 1740 2044 in
1754 2019 1880 2046 nonnul-

1081 2058 1112 2084 lis
1127 2066 1235 2085 veraces
1248 2058 1356 2092 fuerint,
1372 2067 1422 2087 nec
1432 2060 1475 2087 illa
1487 2060 1564 2088 facile
1574 2061 1725 2096 recipimus,
1740 2070 1800 2097 quae
1812 2070 1882 2090 vere

1081 2103 1114 2130 ab
1129 2103 1179 2130 illis
1191 2103 1262 2131 dicta
1274 2108 1346 2132 sunt.

1116 2149 1143 2175 ‘2.
1165 2149 1291 2176 Christum
1303 2151 1329 2177 in
1348 2151 1551 2185 pra'dictionibus
1570 2160 1672 2186 prorsus
1684 2159 1796 2178 ueracem
1822 2161 1882 2180 esse

1081 2195 1275 2222 demonstratur.
1286 2210 1322 2216 —
1332 2197 1388 2231 Age
1401 2205 1479 2228 Inlue,
1495 2197 1693 2224 Consideretnus
1703 2197 1802 2225 Christi
1818 2207 1884 2227 Inu-

1081 2249 1125 2268 res
1137 2246 1164 2268 et
1185 2242 1276 2268 vitam.
1300 2242 1358 2269 Non
1381 2243 1451 2270 enim
1467 2243 1516 2270 hoc
1531 2249 1630 2271 tantum
1652 2245 1723 2279 quod
1742 2245 1882 2278 diximus.

1081 2287 1215 2321 pmdixit,
1231 2294 1311 2322 atque
1326 2289 1521 2323 prmnuntiavit,
1539 2297 1629 2316 verum
1643 2291 1722 2317 etiam
1737 2291 1789 2318 alia
1802 2293 1884 2318 mul-

1082 2337 1118 2364 ta,
1132 2332 1211 2367 longo
1225 2337 1285 2367 post
1300 2338 1418 2368 tempore
1431 2339 1552 2366 ventura,
1565 2335 1724 2362 vaticinatus
1737 2341 1790 2362 est.
1810 2336 1886 2363 Pro-

1082 2378 1197 2406 feramus
1212 2379 1289 2414 igitur
1302 2380 1488 2414 prtcdictiones
1502 2381 1561 2407 illas
1575 2382 1601 2408 in
1616 2382 1734 2408 medium
1747 2391 1753 2408 :
1768 2382 1796 2409 in
1811 2383 1887 2417 qui-

1081 2424 1132 2451 bus
1145 2425 1166 2452 si
1182 2425 1280 2452 videris
1293 2426 1365 2452 illum
1381 2426 1547 2458 mendacem,
1562 2434 1596 2454 ne
1607 2427 1675 2454 hanc
1687 2427 1796 2461 quidem
1807 2429 1894 2456 reci-

1084 2470 1148 2503 pito,
1171 2478 1257 2504 neque
1278 2475 1356 2505 putes
1376 2471 1412 2498 illi
1437 2471 1515 2498 ﬁdem
1532 2472 1692 2500 habendam.
1716 2473 1834 2506 Contra.
1862 2475 1891 2501 si

1083 2514 1180 2541 videris
1196 2515 1268 2542 illum
1285 2515 1310 2542 in
1333 2518 1436 2543 caneris
1455 2517 1579 2544 omnibus
1597 2524 1730 2549 veracem,
1756 2524 1785 2546 et
1804 2519 1896 2546 hanc

1084 2561 1166 2594 ipsam
1191 2560 1387 2595 pra-dictionem
1409 2562 1531 2588 evenisse
1552 2571 1558 2588 :
1583 2562 1679 2589 deinde
1697 2571 1757 2590 cum
1782 2565 1894 2591 videas

1083 2606 1241 2633 immensum
1258 2611 1405 2640 temporum
1428 2608 1589 2635 curriculmn
1612 2614 1742 2636 attestans
1767 2611 1894 2637 veritati

1081 2659 1175 2678 eorum
1189 2660 1247 2685 qua:
1261 2652 1392 2686 pra-dixit,
1415 2660 1448 2680 ne
1462 2653 1526 2680 velis
1547 2654 1612 2680 uitra
1634 2654 1776 2688 perfricare
1800 2656 1895 2683 fron—

1084 2700 1147 2728 tem,
1165 2704 1250 2731 ncqne
1264 2697 1344 2724 rebus
1356 2698 1412 2724 sole
1427 2698 1585 2726 clarioribus
1597 2699 1759 2733 obstrepere.
1780 2701 1899 2727 Videa—

1083 2747 1142 2767 mus
1153 2741 1232 2775 igitur
1242 2742 1303 2776 quid
1315 2748 1443 2777 pruzlerea
1455 2744 1614 2778 praedixerit.
1625 2745 1743 2772 Accessit
1754 2745 1786 2772 ad
1803 2746 1898 2773 illum

1083 2782 1179 2813 mulier
1189 2787 1348 2814 alabastrum
1361 2787 1460 2815 habens
1472 2790 1595 2823 unguenti
1610 2789 1728 2823 pretiosi,
1739 2796 1766 2817 ct
1780 2790 1900 2818 cﬂ‘udit

1084 2836 1244 2866 unguentum
1257 2832 1362 2868 (Matth.
1377 2833 1433 2869 26).
1448 2833 1504 2861 Hoc
1518 2835 1613 2861 factum
1635 2834 1740 2869 indigne
1755 2835 1902 2865 ferentes

1084 2877 1214 2913 discipuli,
1229 2879 1351 2907 dicebant
1364 2889 1370 2904 :
1383 2881 1467 2914 Quare
1479 2889 1529 2908 non
1539 2881 1713 2908 venumdatam
1724 2887 1761 2909 eu
1774 2887 1903 2909 trecen-
