2043 3116
236 118 288 148 885

234 180 266 206 tis
279 179 434 212 denarii:,ac
443 176 529 206 datum
536 179 686 215 pauperibus
696 178 802 215 (Matth.
810 181 856 208 26.
865 181 892 218 9)
899 182 911 209 ‘l
919 182 974 210 Hoc
985 190 1027 210 re-

236 225 404 260 prehendens
427 226 544 260 loquitur
564 226 589 254 in
608 226 680 254 hunc
693 226 811 260 modum,
839 228 906 261 Quid
930 228 1028 256 molesti

237 272 297 298 uti:
311 271 431 298 mulieri?
444 271 536 298 bonum
549 273 615 298 enim
629 280 692 307 opus
706 273 775 308 fecit.
791 272 852 300 Dico
866 274 931 300 enim
946 274 1024 306 vobis,

235 317 386 351 ubicumque
409 316 575 351 prwdichtum
595 319 673 352 fuerit
688 317 734 345 hoc
756 318 912 355 euangelium
925 320 952 347 in
966 321 1024 347 mti-

233 370 302 389 versa
315 367 394 394 terra,
411 362 505 389 dicetur
515 367 537 389 et
549 362 596 390 hoc
610 363 677 398 quod
690 364 743 391 Ιιιῑε
753 364 828 399 fecit,
842 365 868 392 in
879 366 1024 392 memoriam

232 407 286 443 ejus
304 406 355 443 (Ib.
374 416 397 434 υ.
416 408 458 436 10.
480 407 530 444 sq).
553 409 682 437 Utrumne
696 411 821 438 mentitus
834 415 885 444 est,
907 419 940 439 an
954 411 1022 439 dixit

231 455 340 481 verum?
351 453 446 482 Evenit
455 454 525 490 quod
535 455 664 491 praedixit,
674 464 706 483 an
717 456 764 484 fuit
773 455 850 484 inane
858 456 1022 485 vaticinium?

231 500 366 536 interroga
381 499 517 533 Judaeum;
534 502 583 529 etsi
599 502 694 530 millies
715 502 882 538 perfricuerit
896 502 1019 536 frontem,

229 545 357 573 adversus
383 546 451 574 hanc
472 547 671 581 prmdiclionem
693 556 745 575 non
761 549 859 584 poterit
874 549 965 577 oculos
978 554 1020 576 at-

230 591 335 619 tollere.
351 591 378 619 In
395 593 519 619 erunibus
539 593 610 620 enitn
627 592 752 620 Ecclesiis
769 595 910 622 memorari
925 595 1020 622 mulie-

229 644 285 664 rem
302 638 432 666 audimus.
449 639 516 666 Sunt
538 640 670 671 consules,
687 639 778 672 duces,
801 640 861 674 viri,
883 641 1018 674 mulieres,

229 685 341 717 nobiles,
357 685 484 718 illustres,
501 684 643 720 splendidi,
659 686 685 713 in
700 685 823 714 onmibus
842 687 967 720 urbibus;
993 693 1020 715 ct

228 731 255 757 in
270 736 462 767 quamcumque
476 731 548 759 orbis
566 737 666 767 partem
682 732 832 767 deveneris,
844 741 948 760 summo
958 741 1017 761 cum

227 776 333 804 silentio
347 777 438 804 audies
451 777 529 812 hujus
542 778 661 805 mulieris
675 776 792 805 ofﬁcium
811 787 818 806 :
834 786 884 806 nec
908 783 950 806 est
964 779 1017 806 ttlla

227 823 318 850 mundi
333 824 418 858 plaga,
436 831 495 858 quae
507 823 604 851 factum
619 824 670 851 hoc
685 824 796 859 ignoret.
811 825 889 860 Atqui
902 832 966 860 quot
976 833 1018 853 re-

225 875 272 902 ges
288 869 370 895 multa
385 876 532 904 magnaque
546 869 571 896 in
594 869 675 897 urbes
689 869 859 897 contulerunt
878 871 1015 904 beneﬁcia,
1028 888 1036 905 ι

225 911 293 940 bella
308 921 368 940 cum
383 913 459 940 laude
471 918 622 948 gesserunt,
639 919 736 948 tropica
749 919 908 947 statuerunt,
923 920 1017 950 gentes

225 963 426 992 conservarunt,
443 959 522 986 urbes
535 959 719 991 condiderunt,
731 964 758 987 et
771 960 926 988 innumeros
938 968 1016 996 para-

223 1011 286 1031 vere
307 1003 406 1031 reditus
426 1013 433 1032 :
449 1009 476 1032 et
491 1009 578 1032 tamen
594 1013 654 1032 cum
670 1006 709 1033 his
727 1006 853 1040 praeclare
872 1007 954 1042 gestis
977 1007 1015 1034 si-

223 1049 305 1078 lentio
321 1051 468 1086 teguntur?
491 1051 558 1079 Item
578 1052 678 1087 reginae
700 1053 886 1088 primarimqne
910 1054 1015 1081 femina:

223 1096 424 1124 innumerabilia
448 1097 586 1125 benefacta
611 1098 782 1126 contulerttnt
805 1098 831 1126 iu
848 1106 895 1126 eos
918 1099 1014 1134 quibus

222 1141 396 1176 imperabant,
407 1150 465 1177 qua:
477 1151 510 1170 ne
522 1143 555 1170 de
566 1144 673 1171 nomine
686 1144 793 1179 quidem
806 1144 851 1172 ulli
863 1151 932 1172 none
941 1150 1012 1172 sunt.

222 1186 283 1214 Haec
300 1193 389 1215 autem
403 1188 506 1223 abjecta
522 1189 628 1222 mulier,
643 1197 703 1223 qua:
724 1193 825 1216 tantum
848 1190 941 1217 eﬁ‘udit
963 1199 1012 1218 un-

220 1239 355 1267 guentum,
371 1238 426 1262 toto
441 1239 569 1262 terrarum
580 1235 645 1262 orbe
659 1235 824 1263 decantatur.
836 1235 874 1263 Ne
886 1236 1013 1271 temporis

219 1279 327 1313 quidem
343 1283 395 1306 tam
416 1280 546 1307 immensa
561 1280 697 1315 longitudo
710 1282 866 1308 memoriam
883 1281 953 1309 illius
971 1281 1011 1308 vel

219 1325 356 1358 exstinxit,
376 1326 418 1354 vel
433 1327 582 1362 exstinguet
595 1334 730 1361 umquam,
747 1327 826 1363 idque
839 1335 899 1355 eum
915 1328 1011 1355 factum

219 1370 306 1406 ipsum
329 1379 382 1399 non
396 1377 466 1400 esset
489 1373 590 1407 insigne
605 1382 612 1399 :
626 1373 689 1408 quid
704 1373 775 1400 enim
790 1374 877 1408 magni
890 1378 947 1401 erat
961 1382 1011 1401 un-

217 1422 344 1452 guentum
364 1418 519 1446 effundere?
543 1426 630 1454 neque
646 1426 758 1453 persona
778 1424 850 1446 esset
874 1419 1010 1452 celebris;

218 1469 275 1491 erat
295 1464 366 1491 enim
388 1464 484 1491 mulier
506 1464 608 1498 abiecta
628 1473 634 1491 :
652 1472 738 1499 neque
752 1465 830 1492 multi
858 1465 1010 1492 testes.ad-

218 1513 308 1542 erant;
324 1517 383 1536 nam
399 1510 468 1536 inter
477 1509 621 1544 discipulos
633 1517 676 1537 res
683 1515 724 1537 est
731 1514 804 1545 gesta
817 1519 823 1537 :
838 1518 924 1545 neque
936 1511 1010 1538 locus

217 1554 330 1586 nobilis;
347 1555 512 1590 nequeenim
527 1555 577 1582 hoc
589 1554 650 1582 fecit
666 1563 713 1589 per
724 1555 854 1583 theatrum
867 1556 1008 1588 transiens,

217 1599 264 1627 sed
278 1601 302 1626 in
317 1600 395 1627 domo
409 1600 501 1627 decem
512 1600 649 1627 dumtaxat
659 1600 812 1628 hominibus
824 1601 1007 1635 praesentibus.

217 1645 341 1672 Attamen
355 1653 440 1680 neque
463 1653 584 1680 person:e
599 1646 697 1678 vilitas,
711 1654 798 1681 neque
815 1647 931 1674 testium‘
941 1655 1008 1681 pau-

216 1693 292 1721 citas.
310 1698 397 1725 neque
412 1691 461 1717 loci
484 1691 644 1723 obscuritas,
661 1699 748 1726 neque
763 1692 814 1718 ulla
831 1699 875 1719 res
897 1692 948 1719 alia
962 1700 1007 1726 po.

215 1737 266 1763 tuit
291 1737 361 1764 illius
384 1737 493 1764 abolere
518 1737 685 1764 memoriam.
708 1737 778 1771 Qttin
799 1738 887 1773 potius
909 1739 1008 1774 reginis

215 1782 338 1810 omnibus
353 1789 384 1809 ac
398 1783 504 1817 regibus
519 1783 649 1810 universis
661 1782 792 1810 celebrior
811 1787 852 1810 est
866 1791 936 1810 nunc
950 1783 1007 1811 hzec

215 1828 321 1860 mulier,
346 1835 395 1855 nec
408 1828 461 1854 ulla
475 1832 539 1855 mtas
559 1828 685 1855 oblivioni
701 1828 807 1855 tradidit
822 1828 892 1864 quod
909 1829 1005 1856 factum

215 1877 265 1900 est.
280 1873 356 1900 Unde
371 1873 407 1906 id,
422 1873 464 1900 dic
483 1873 559 1906 mihi,
580 1878 624 1900 aut
637 1874 697 1908 quis
712 1874 762 1901 hoc
775 1874 881 1902 effecit?
910 1873 1005 1901 Annon

215 1919 285 1946 Dens
307 1919 372 1953 ipse,
394 1919 436 1946 cui
456 1923 509 1945 tum
525 1918 576 1946 hoc
597 1919 714 1946 ofﬁcium
728 1920 914 1954 praestabatur,
938 1919 1007 1947 hanc

214 1964 310 1992 fatuam
326 1972 373 1999 per
388 1965 477 1991 omnia
497 1971 627 1992 terrarum
650 1964 707 1992 loca
730 1965 876 1999 dispersit?
889 1965 1005 1992 Proinde

213 2011 256 2037 dic
269 2010 343 2041 mihi,
357 2018 421 2037 num
434 2009 586 2044 huiusmodi
601 2009 747 2044 prmdicere
762 2010 868 2037 virtutis
882 2010 1004 2037 humana:

213 2055 333 2081 videtur?
356 2055 420 2088 Quis
441 2055 510 2082 enim
528 2062 600 2081 sana:
623 2055 720 2082 mentis
735 2055 784 2082 hoc
806 2056 922 2083 dixerit?
936 2055 1002 2083 Nam

213 2101 358 2135 pra-dicere
367 2108 425 2134 qua:
438 2100 554 2127 facturus
565 2105 645 2132 esset,
659 2100 753 2127 mirum
773 2100 880 2134 quidem
896 2108 927 2128 ac
939 2109 1001 2136 pro-

213 2146 343 2181 digiosum
358 2154 365 2172 :
379 2153 470 2173 verum
484 2145 629 2180 praedicere
642 2153 700 2180 quas
714 2146 759 2172 alii
772 2146 867 2173 facturi
880 2151 950 2180 sunt,
965 2147 1002 2174 ef-

213 2191 346 2225 ﬁcereque
360 2196 386 2218 ut
402 2191 468 2218 ﬁdes
484 2191 535 2217 illis
549 2191 688 2224 habeatur,
702 2192 807 2226 sintque
821 2193 925 2219 cunt-tis
941 2200 1002 2227 per-

212 2237 314 2271 spicua,
330 2237 413 2264 multo
437 2237 522 2270 majus
536 2241 576 2264 est
597 2244 628 2264 ac
642 2237 798 2264 mirabilius.
815 2237 917 2264 Rursus
933 2245 1001 2272 pra:-

211 2284 278 2312 dixit
292 2284 388 2311 Petro:
416 2283 501 2318 Super
514 2283 579 2310 hanc
592 2287 686 2318 petram
707 2283 838 2317 wdiﬁeabo
861 2281 1001 2310 Ecclesium

211 2339 304 2363 meam,
319 2334 342 2357 et
366 2334 445 2364 porta:
458 2330 534 2364 inferi
555 2338 605 2356 non
626 2329 795 2364 praevalebunt
815 2330 934 2357 adversus
946 2338 1001 2357 eam

214 2375 319 2410 (Matth.
335 2375 376 2403 16.
393 2375 449 2411 18).
471 2376 584 2402 Proinde
596 2375 639 2402 dic
653 2383 711 2411 age,
727 2375 828 2407 Iudaee,
843 2377 905 2411 quid
919 2377 1001 2404 habes

211 2421 282 2455 quod
306 2421 495 2455 reprehendas,
519 2425 565 2447 aut
579 2420 722 2455 redarguas
744 2429 776 2448 cx
792 2421 823 2448 iis
847 2430 906 2456 qua:
929 2422 998 2448 dicta

211 2472 272 2494 sunt
282 2467 293 2493 τ
302 2467 369 2500 Quid
379 2467 469 2499 habes,
483 2475 535 2502 quo
546 2466 642 2494 doceas
655 2469 722 2494 hanc
731 2467 928 2502 praedictionem
940 2475 1000 2496 esse

211 2513 385 2540 mendacem?
396 2514 490 2540 Annon
502 2514 680 2540 testimonium
693 2521 754 2540 cum
767 2514 845 2541 rebus
856 2515 997 2541 consentit.

210 2558 314 2584 etiamsi
338 2558 412 2585 mille
436 2559 521 2586 modis
543 2559 599 2593 ipse
621 2559 766 2586 contendas
787 2559 812 2586 in
838 2559 999 2587 adversum?

209 2603 279 2636 Quot
294 2603 365 2630 enim
378 2603 448 2630 bella
463 2604 591 2632 adversus
604 2604 750 2631 Ecclesium
763 2604 893 2631 concitata
914 2605 998 2632 sunt?

209 2650 279 2680 Quot
298 2648 431 2676 exercitus
444 2649 574 2682 instructi,
590 2654 653 2684 quot
667 2657 741 2676 arma
763 2654 842 2682 mota,
858 2650 928 2684 quod
944 2658 997 2678 non

209 2695 342 2721 cruciatus
359 2699 385 2722 et
400 2695 521 2729 supplicii
538 2703 621 2730 genus
634 2695 820 2731 excogitatum,
836 2697 995 2731 sartagines,

209 2741 357 2774 catapultae,
374 2740 484 2773 lebetes,
498 2740 630 2774 l‘ornaces,
652 2741 724 2769 lacus
739 2746 767 2769 et
780 2742 935 2776 prmcipitia,
950 2741 996 2769 be-

208 2786 318 2813 stiarum
332 2785 436 2819 dentes,
450 2786 543 2820 maria,
564 2791 591 2814 et
605 2786 824 2822 proscriptiones,
837 2787 942 2823 aliaque
955 2788 996 2815 in-

208 2837 318 2858 numera
345 2834 538 2859 tormentorum
566 2839 674 2869 genera,
690 2840 776 2868 neque
796 2832 872 2861 dictis
891 2839 994 2860 memo-

852 120 1032 152 ADVERSUS
1049 123 1197 155 JUD/EOS.
1221 126 1250 154 ν.

1822 140 1874 170 886

1082 184 1174 217 randa,
1190 193 1277 221 neque
1299 186 1374 216 factis
1389 182 1545 218 toleranda?
1557 191 1643 227 Atque
1656 192 1713 222 haec
1738 202 1790 223 non
1813 201 1872 223 tan-

1082 233 1137 256 tum
1152 229 1186 257 ab
1199 233 1341 265 extraneis,
1363 240 1454 261 verum
1470 235 1550 262 etiam
1561 244 1576 262 a
1591 237 1690 265 nostris
1702 237 1866 268 domesticis.

1080 274 1145 303 Nam
1161 277 1239 305 civile
1261 279 1394 313 quoddam
1414 280 1512 308 bellum
1538 288 1681 318 occuparat
1705 285 1804 318 omnia,
1828 283 1870 311 vel

1078 320 1172 355 quovis
1187 322 1273 356 potius
1296 323 1367 351 civili
1387 325 1457 352 bello
1480 327 1664 360 perniciosius.
1681 328 1772 365 Neque
1794 332 1866 359 enim

1077 365 1149 394 cives
1171 368 1250 395 modo
1265 376 1324 396 cum
1340 370 1451 405 civibus,
1469 380 1561 400 verum
1575 375 1654 403 ctiam
1679 378 1783 411 cognati
1806 385 1866 406 cum

1077 413 1207 447 cognatis,
1226 413 1364 442 domestici
1378 424 1437 444 cum
1453 417 1616 452 domesticis,
1632 420 1709 449 amici
1724 426 1783 450 eum
1798 425 1868 451 ami-

1075 458 1114 485 cis
1127 458 1348 488 conllictabantur
1362 471 1369 489 :
1386 462 1451 491 nihil
1468 469 1555 492 tatncn
1571 466 1665 494 hordm
1679 467 1801 497 dissolvit
1816 471 1867 498 Ec-

1074 503 1181 532 clesiam
1193 526 1200 537 ,
1212 513 1243 533 ac
1256 514 1290 534 ne
1304 507 1478 537 inﬁrmiorem
1489 511 1595 546 quidem
1606 510 1730 541 reddidit.
1743 515 1829 550 Atque
1841 514 1866 544 id

1073 556 1138 577 sane
1152 551 1249 579 mirum
1270 557 1297 580 et
1309 553 1473 586 incredibile,
1499 557 1569 591 Quod
1585 557 1643 585 haec
1656 558 1681 585 in
1697 555 1761 594 ipsis
1774 562 1865 588 statim

1073 595 1226 630 primordiis
1250 604 1320 626 mota
1345 606 1416 627 sunt.
1439 599 1506 628 Nam
1528 602 1550 629 si
1575 605 1629 630 tum
1645 604 1785 633 irruissent
1808 605 1866 634 inec

1071 642 1179 675 acerba,
1195 648 1334 678 postquam
1347 646 1401 679 jam
1417 646 1519 674 radices
1536 651 1636 682 egerat,
1652 654 1678 676 ct
1694 650 1791 685 ubique
1807 657 1863 679 tero

1072 695 1160 715 rarum
1173 689 1319 724 plantatum
1331 695 1388 718 erat
1399 691 1581 726 Evangelinm,
1594 694 1663 721 haud
1678 696 1786 729 perinde
1798 696 1863 724 fuis-

1070 737 1112 759 set
1133 733 1330 768 admirandum,
1356 744 1408 764 non
1430 737 1511 765 fuisse
1531 737 1688 768 subversam
1705 741 1861 769 Ecclesium.

1070 776 1201 806 Caterum
1215 788 1274 807 cum
1290 781 1316 808 in
1330 781 1388 815 ipso
1402 782 1530 810 doctrina:
1545 783 1665 818 exordio,
1687 793 1772 821 nuper
1787 786 1861 822 jaclo

1070 821 1129 851 ﬁdei
1145 825 1257 859 semine,
1273 826 1371 855 teneris
1386 827 1531 856 etiamnum
1546 830 1695 858 auditorum
1713 821 1857 866 mentibus,

1069 874 1109 896 tot
1124 870 1194 898 bella
1214 873 1362 907 eruperint,
1379 882 1423 902 res
1444 878 1549 903 nostras
1565 884 1616 903 non
1631 878 1716 904 solum
1743 879 1813 906 nulla
1827 886 1860 907 ex

1068 920 1143 950 parte
1165 916 1245 945 fuisse
1259 918 1412 953 diminutas,
1429 928 1521 948 verum
1537 922 1616 948 etiam
1642 924 1750 950 multam
1766 932 1860 952 acces-

1067 962 1169 989 sionem
1183 963 1334 998 adjunetam
1349 963 1441 998 fuisse,
1457 965 1509 993 hoc
1524 967 1647 994 nimirum
1661 974 1769 1003 supz-rat
1780 977 1860 997 omne

1068 1005 1234 1035 miraculum.
1248 1008 1286 1036 Ne
1300 1009 1360 1045 quis
1374 1016 1463 1038 autem
1477 1011 1568 1039 dicere
1585 1014 1678 1047 possit,
1699 1015 1769 1050 quod
1787 1023 1859 1042 nune

1068 1052 1184 1080 Ecclesia
1200 1059 1260 1088 post
1273 1061 1363 1089 pacem
1378 1063 1392 1082 a
1408 1055 1515 1091 regibus
1537 1058 1675 1092 prrcbitam
1690 1060 1857 1088 constabilita

1066 1098 1110 1128 sit.
1122 1105 1182 1125 cum
1197 1104 1268 1127 esset
1280 1100 1375 1134 minor,
1392 1109 1452 1129 cum
1466 1102 1600 1131 videretur
1610 1105 1780 1139 imbecillior,
1796 1112 1858 1135 tunc

1066 1143 1137 1170 illam
1162 1145 1308 1184 oppugnari
1332 1144 1452 1181 permisit
1478 1147 1567 1176 Deus:
1594 1153 1622 1176 ut
1636 1150 1750 1184 ediscas,
1774 1152 1854 1179 etiam

1065 1188 1135 1223 quod
1161 1197 1231 1217 nunc
1245 1189 1271 1217 in
1288 1195 1344 1218 tuto
1365 1191 1410 1224 sit,
1437 1200 1489 1219 non
1513 1194 1682 1221 tribuendum
1699 1203 1759 1224 esse
1786 1198 1855 1231 paci,

1064 1241 1143 1269 quam
1166 1239 1292 1269 prtostant
1307 1244 1393 1271 rcges,
1408 1237 1455 1264 sed
1474 1245 1488 1265 a
1508 1240 1624 1274 potentia
1645 1237 1690 1268 Dei
1711 1241 1853 1276 proﬁcisci.

1100 1280 1127 1307 5.
1142 1279 1219 1307 Mulli
1232 1282 1316 1308 conati
1327 1286 1384 1309 sunt
1395 1290 1472 1309 novas
1482 1284 1601 1311 inducere
1613 1285 1688 1322 leges,
1704 1294 1768 1314 unus
1779 1286 1854 1314 Cltri-

1063 1329 1116 1352 stus
1131 1324 1221 1361 potuit.
1235 1341 1270 1346 -
1282 1326 1308 1354 Id
1323 1332 1351 1354 ut
1363 1333 1508 1362 cognoscas
1519 1336 1578 1357 esse
1593 1337 1695 1363 verum,
1710 1337 1803 1367 reputa
1816 1338 1852 1360 te-

1063 1380 1134 1406 cum,
1149 1381 1227 1408 quam
1244 1374 1320 1401 mulli
1333 1375 1421 1402 conati
1437 1375 1489 1402 sint
1508 1376 1577 1411 apud
1592 1372 1700 1404 Grrecos
1712 1378 1853 1413 opiniones

1063 1426 1146 1447 novas
1161 1427 1193 1447 ac
1205 1420 1358 1455 peregrinas
1373 1421 1478 1448 vivendi
1490 1420 1609 1450 rationes
1630 1423 1766 1458 inducere,
1781 1426 1853 1453 velut

1062 1462 1144 1496 Zeno,
1160 1465 1245 1498 Plato,
1259 1465 1392 1499 Socrates,
1406 1466 1542 1502 Diagoras,
1565 1468 1739 1505 Pythagoras,
1756 1471 1853 1507 aliique

1062 1509 1193 1538 iumnneri
1207 1518 1213 1537 :
1230 1515 1317 1538 tamen
1333 1511 1400 1538 adeo
1414 1520 1465 1539 non
1480 1513 1609 1546 vicerunt,
1626 1517 1655 1541 ut
1670 1516 1802 1550 plerisque
1818 1523 1852 1543 ne

1060 1552 1094 1582 de
1105 1556 1211 1583 nomine
1220 1554 1327 1591 quidem
1336 1557 1390 1584 sint
1403 1559 1467 1591 noti,
1479 1558 1600 1587 Christus
1610 1566 1699 1588 autem
1708 1568 1762 1588 non
1773 1562 1852 1589 tnodo

1061 1601 1222 1636 pra'scripsit
1237 1604 1297 1629 vitm
1322 1601 1445 1636 formam,
1463 1612 1555 1631 verum
1572 1603 1651 1632 etiam
1668 1606 1736 1633 hanc
1752 1606 1849 1642 ubique

1061 1653 1190 1674 terrarum
1204 1648 1340 1682 plantavit.
1353 1649 1436 1682 Quam
1450 1651 1532 1678 multa
1544 1651 1626 1678 fertur
1638 1652 1793 1687 Apollonitts
1804 1653 1849 1681 ille

1059 1690 1183 1728 Tyaneus
1197 1693 1314 1721 fecisse?
1335 1694 1434 1722 Verum
1451 1696 1488 1723 uti
1506 1697 1599 1730 scires,
1615 1697 1659 1725 illa
1681 1699 1769 1726 omnia
1790 1707 1852 1727 esse

1059 1739 1182 1772 conﬁcta,
1197 1747 1274 1772 vana,
1292 1740 1357 1767 nihil
1373 1741 1497 1769 habentia
1512 1743 1567 1770 veri
1581 1752 1588 1770 ε
1603 1744 1733 1771 exstincta
1745 1750 1807 1772 sunt
1820 1750 1847 1772 et

1060 1785 1138 1812 linem
1154 1790 1323 1820 acceperunt.
1340 1786 1399 1813 Jum
1414 1795 1447 1814 ne
1468 1787 1527 1822 quis
1546 1788 1690 1816 arbitretur
1709 1794 1848 1817 contume~

1060 1829 1120 1856 liam
1135 1837 1196 1857 esse
1210 1830 1320 1865 Christi,
1339 1832 1410 1866 quod
1425 1832 1458 1860 de
1479 1833 1526 1860 illo
1542 1834 1621 1861 verba
1638 1834 1775 1866 facientes,
1794 1835 1846 1871 Py-

1059 1875 1185 1910 thagorrc,
1198 1876 1326 1909 Platonis,
1341 1873 1466 1910 Zenonis,
1480 1883 1506 1905 et
1519 1875 1617 1914 'i'yanei
1627 1880 1827 1908 meminerimus
1841 1890 1845 1906 :

1058 1929 1111 1948 non
1126 1920 1196 1948 enitn
1218 1922 1244 1948 id
1259 1919 1373 1950 facimus
1387 1930 1419 1950 ex
1440 1923 1521 1951 animi
1538 1925 1621 1952 nostri
1637 1926 1778 1959 sententia,
1799 1927 1846 1954 sed

1058 1966 1090 1993 ad
1102 1963 1254 1994 inda-orum
1269 1967 1450 1995 inﬁrmitatem
1464 1976 1512 1996 nos
1524 1969 1595 2003 ipsos
1608 1970 1788 2003 demittentes,
1801 1971 1847 2006 qui

1056 2012 1167 2039 credunt
1190 2020 1250 2039 eutn
1277 2020 1338 2040 esse
1363 2013 1463 2040 nudum
1487 2012 1641 2046 hominem;
1668 2014 1758 2044 itidem
1780 2020 1807 2044 et
1832 2025 1846 2043 a

1057 2057 1138 2085 Paulo
1151 2057 1247 2085 factum
1260 2062 1302 2085 est
1323 2057 1389 2093 (Act.
1408 2058 1463 2094 17).
1481 2059 1503 2086 Is
1525 2060 1595 2087 enim
1610 2060 1746 2095 ingressus
1761 2062 1845 2090 Athe-

1057 2110 1149 2130 narum
1173 2102 1277 2135 urbem,
1300 2111 1351 2131 non
1373 2111 1404 2130 ex
1422 2104 1559 2138 prophetis
1583 2112 1632 2132 nec
1646 2113 1679 2132 ex
1702 2106 1846 2142 Evangelio

1055 2155 1115 2174 cuin
1132 2147 1181 2174 illis
1195 2146 1328 2181 disseruit,
1344 2148 1391 2175 sed
1413 2149 1446 2175 ab
1460 2157 1504 2176 ara
1526 2149 1596 2184 cepit
1612 2150 1822 2179 exhortationem
1837 2161 1842 2178 :

1055 2200 1108 2219 non
1123 2193 1194 2228 quod
1209 2201 1282 2220 aram
1294 2191 1365 2220 illam
1379 2193 1412 2220 ad
1425 2194 1571 2222 faciendam
1586 2195 1664 2223 ﬁdem
1677 2197 1735 2231 plus
1747 2197 1845 2226 habere

1054 2239 1181 2266 momenti
1200 2237 1332 2272 crederet,
1349 2247 1428 2273 quam
1444 2238 1597 2275 Evangelia,
1622 2249 1708 2276 neque
1723 2243 1793 2276 quod
1810 2244 1843 2270 li-

1055 2288 1125 2312 teras
1140 2282 1194 2311 illic
1209 2285 1351 2319 inscriptas
1368 2283 1485 2319 potiores
1500 2286 1609 2314 duceret
1628 2288 1782 2322 prophetis;
1796 2289 1844 2317 sed

1053 2331 1177 2365 quoniam
1190 2338 1249 2357 cum
1265 2331 1388 2365 gentibus
1401 2331 1562 2366 disputabat,
1580 2340 1638 2366 qua:
1659 2334 1723 2360 uulli
1739 2339 1844 2361 nostro-

1053 2384 1113 2403 rum
1126 2374 1288 2403 volumiuum
1302 2376 1425 2408 credunt,
1441 2384 1455 2403 a
1472 2378 1587 2412 propriis
1603 2377 1720 2411 ipsorum
1734 2380 1841 2414 dogma-

1053 2423 1122 2449 tibus
1137 2423 1207 2456 ipsos
1229 2429 1370 2457 aggressus
1383 2426 1433 2449 est.
1452 2422 1518 2450 llinc
1528 2427 1569 2450 est
1584 2423 1653 2457 quod
1673 2425 1728 2451 ait:
1746 2424 1842 2453 Factus

1052 2476 1108 2494 sum
1122 2467 1222 2494 Judwis
1243 2473 1270 2494 ut
1289 2467 1406 2499 Judazns,
1423 2468 1463 2494 Itis
1483 2468 1526 2502 qui
1538 2469 1593 2495 sine
1607 2469 1659 2504 lege
1673 2474 1754 2501 erant,
1778 2476 1842 2497 taut-

1051 2521 1126 2547 quam
1140 2521 1217 2539 essent
1232 2513 1286 2539 sine
1303 2513 1375 2548 lege;
1390 2521 1446 2539 cum
1467 2514 1522 2540 sine
1532 2514 1585 2548 lege
1606 2523 1656 2541 non
1677 2523 1756 2542 essent
1775 2516 1839 2547 Deo,

1050 2559 1095 2585 sed
1107 2567 1184 2585 essent
1206 2558 1232 2585 in
1246 2558 1298 2593 lege
1312 2558 1405 2585 Christi
1428 2558 1465 2593 (i.
1481 2558 1540 2586 Cor.
1555 2559 1582 2586 9.
1596 2559 1642 2586 20.
1665 2559 1723 2595 21).
1748 2560 1840 2588 itidem

1053 2609 1081 2631 et.
1103 2602 1200 2631 veteris
1221 2603 1372 2631 testamenti
1396 2604 1531 2639 Set-iptura
1553 2605 1614 2631 facit
1627 2605 1660 2632 de
1674 2606 1728 2632 Deo
1742 2606 1840 2633 Juda'is

1052 2649 1180 2684 loquens:
1197 2648 1237 2676 sic
1251 2647 1322 2676 enim
1348 2649 1403 2675 ait:
1421 2649 1483 2681 Qui:
1505 2650 1593 2676 similis
1608 2650 1645 2676 tui
1658 2650 1684 2677 in
1707 2651 1766 2683 diis,
1782 2651 1839 2678 Do—

1050 2695 1116 2721 mine
1139 2692 1233 2730 (Exod.
1250 2693 1293 2722 i5.
1310 2694 1373 2729 ti)?
1388 2694 1455 2728 Quid
1470 2695 1643 2730 uts,Moyscs?
1669 2696 1742 2723 itane
1762 2704 1838 2723 com-

1049 2742 1152 2776 paratio
1167 2746 1208 2768 est
1227 2741 1280 2768 ulla
1296 2739 1344 2768 Dei
1367 2741 1423 2768 veri
1438 2749 1469 2768 ac
1482 2741 1593 2768 deorum
1608 2741 1753 2769 falsorum?
1769 2742 1837 2775 Non,

1049 2777 1145 2821 inquit,
1156 2787 1206 2814 hoc
1216 2791 1244 2813 ut
1252 2787 1477 2821 comparationem
1491 2787 1612 2814 inducam
1624 2788 1749 2823 loquutus
1759 2796 1817 2815 sum
1830 2795 1836 2815 :

1049 2831 1096 2860 sed
1109 2833 1168 2867 quia
1183 2833 1215 2861 ad
1229 2833 1335 2862 Judazos
1349 2835 1414 2862 mihi
1428 2839 1484 2862 erat
1495 2842 1593 2870 sermo,
1613 2835 1656 2870 qui
1671 2836 1839 2871 magniﬁcam
