2043 3116
204 121 258 150 ’88Ἱ

206 179 240 207 de
250 177 415 206 dxmonibns
427 176 524 204 habent
535 175 697 211 opinionem,
708 173 740 200 ad
757 173 859 200 illorum
873 170 993 198 imbecil-

150 212 157 222 ’
205 225 304 253 ιὶιςιιριιι
329 232 371 252 me
394 221 596 250 accommodans
616 221 667 248 hoc
686 218 796 247 docendi
817 225 915 253 genere
933 224 992 244 sum

207 277 277 296 usus.
295 269 424 302 Quoniam
442 267 520 302 igitur
536 265 612 293 nobis
624 272 727 300 quoque
737 263 880 298 disputatio
892 267 932 289 est
944 262 992 289 ad-

205 323 298 342 versus
317 314 434 346 Judteos,
457 312 502 347 qui
515 311 649 339 Christum
672 309 825 337 existimant
845 308 993 343 simplicem

206 360 288 386 fuisse
309 359 453 390 hominem,
469 362 496 384 et
509 357 572 391 legis
592 354 838 390 praevaricatorem:
855 358 992 388 propterea

203 406 238 433 ab
253 406 296 438 iis,
307 412 365 439 qua:
380 403 448 438 apud
468 407 561 437 gentes
574 402 601 428 in
620 401 795 428 admiratione
808 404 879 433 sunt,
902 399 992 426 induxi

203 449 441 484 comparationem.
452 447 527 482 Quod
538 448 560 475 si
571 447 649 475 vultis
660 455 702 474 me
715 451 741 474 et
753 454 856 478 eorum,
869 445 913 479 qui
925 443 993 479 apud

200 496 276 530 ipsos
289 494 395 522 Iudaeos
409 494 502 522 eadem
516 493 604 521 conati
617 497 716 520 suntet
730 491 874 526 discipulos
889 490 938 517 sibi
951 489 994 516 ad-

202 545 349 573 sciverunt,
373 545 401 568 et
416 541 548 576 principes
569 543 615 566 aut
637 537 765 574 prmsides
784 537 924 572 designati,
947 535 994 562 sed

198 588 326 622 protinus
341 587 462 614 exstincti
478 589 549 618 sunt,
565 585 687 619 exempla
702 590 842 611 recensere
856 591 862 608 ι
884 589 932 616 age
947 589 993 607 co-

205 633 326 660 nabimur
339 638 366 660 et
376 633 414 660 sic
427 632 621 659 demonstrare.
639 630 694 657 Hoc
708 629 788 665 igitur
805 628 884 655 tttodo
896 627 994 655 Gama-

204 679 247 705 liel
269 686 300 706 os
314 678 445 706 obturavit
466 677 526 704 illis.
551 677 616 703 Cum
639 676 709 702 enim
725 674 826 701 videret
848 673 907 700 illos
924 673 993 698 insa-

203 724 316 758 nientes,
324 723 484 759 cupidosque
493 720 643 749 eifundendi
653 719 787 755 Sanguinis
795 718 993 752 discipulorum,

203 769 318 796 studens
340 777 386 796 eos
407 768 440 795 ab
465 767 602 802 impotenti
626 766 732 793 vesania
755 764 890 796 cohibere,
912 762 994 798 jussis

205 815 338 849 paulisper
349 814 474 841 secedere
488 812 624 847 apostolis,
648 811 687 838 sic
700 810 733 837 ad
751 810 808 837 illos
823 809 902 836 verba
914 808 992 835 fecit:

206 860 346 895 Prospicite
358 860 426 887 vobis
435 859 496 894 quid
510 860 540 885 de
551 858 589 884 his
602 857 742 884 hominibus
752 856 807 882 sitis
817 855 920 890 facturi.
931 854 996 880 Ante

205 907 250 934 hos
266 908 331 933 enim
346 907 398 933 dies
421 910 520 932 exortus
533 909 568 931 est
584 903 712 934 Tlteudas,
727 902 811 928 dicens
831 909 858 928 se
874 908 927 927 esse
946 898 995 925 ali-

202 961 278 987 quem
293 960 303 980 :
324 957 347 980 et
370 952 465 988 sequuti
480 951 622 978 mutillum
636 949 682 975 viri
702 946 890 983 quadringenti,
915 949 937 972 et
952 944 996 972 ille

206 999 292 1035 periit,
315 1004 338 1026 et
352 1006 437 1025 omnes
451 1000 570 1032 quotquot
588 995 611 1022 ci
624 998 773 1029 paruerunt,
795 992 901 1028 dispersi
925 994 992 1018 sunt.

204 1045 237 1072 Et
250 1050 305 1080 post
319 1044 392 1071 illum
407 1048 507 1070 exortus
528 1047 563 1069 est
583 1040 666 1068 ludas
680 1039 812 1072 Cati/teut,
829 1039 871 1074 qui
892 1038 995 1065 abduxit

203 1092 302 1117 turbam
314 1097 442 1124 magnam,
452 1093 475 1115 et
490 1093 602 1115 mortuus
617 1091 663 1119 est,
675 1085 843 1120 diuipulique
855 1085 923 1111 illius
936 1092 996 1119 per-

204 1137 296 1164 ierunt.
322 1135 354 1161 Et
368 1142 434 1161 nunc
454 1133 510 1160 dico
523 1132 591 1159 vobis
609 1139 618 1158 :
634 1131 754 1158 attendite
773 1130 850 1161 vobis,
875 1130 994 1164 quoniam

203 1183 224 1209 si
237 1190 299 1217 opus
312 1181 359 1207 hoc
374 1180 450 1216 fuerit
463 1187 494 1206 ex
505 1177 658 1210 hominibus,
670 1176 836 1207 dissolvetur;
849 1176 888 1203 sin
901 1183 932 1201 ex
942 1175 995 1202 Deo

203 1232 250 1259 cst,
262 1235 311 1253 non
327 1225 439 1261 poteritis
450 1223 514 1250 illud
527 1223 672 1254 dissoluere,
687 1230 718 1248 ne
728 1221 793 1254 forte
805 1220 996 1255 comperiumiui

202 1278 226 1300 et
238 1273 356 1299 adversus
373 1271 453 1298 Deum
466 1277 580 1304 pugnare
595 1268 663 1304 (Act.
680 1267 706 1295 5.
724 1266 839 1301 55-59).
858 1265 933 1293 Unde
945 1265 994 1300 igi-

204 1324 247 1346 tur
258 1317 425 1345 manifestum
439 1320 489 1347 est.
505 1316 561 1343 fore
575 1315 633 1342 utsi
648 1321 681 1341 ex
693 1313 843 1340 hominibus
854 1312 888 1338 sit
900 1311 996 1338 dissol-

203 1369 290 1391 vatur.
314 1362 544 1396 Experimentum,
576 1359 672 1394 inquit,
699 1358 808 1392 cepistis
834 1364 848 1384 a
874 1356 941 1384 Jnda
968 1361 995 1383 et

203 1408 323 1436 Thettda.
339 1407 431 1442 Itaque
442 1411 468 1434 et
484 1406 527 1433 hic
539 1406 583 1440 qui
602 1405 636 1432 ab
648 1404 706 1431 istis
718 1403 887 1438 przedicatur,
899 1402 922 1429 si
937 1402 995 1430 talis

197 1459 255 1488 ut,
277 1453 369 1488 quales
388 1452 496 1480 luerunt
514 1451 562 1484 illi,
579 1458 629 1478 nec
650 1449 739 1476 divina
758 1449 873 1484 potentia
895 1448 996 1482 peragit

203 1502 311 1528 omnia:
332 1502 483 1533 exspectrvle
497 1497 640 1532 paulisper,
656 1500 682 1523 et
698 1495 755 1529 ipse
779 1501 866 1522 rerum
885 1497 996 1521 eventus

202 1545 279 1572 vobis
303 1543 383 1571 faciet
403 1542 480 1570 iidem
498 1551 504 1568 :
519 1550 552 1569 ex
567 1542 623 1576 ipso
641 1542 693 1568 tine
707 1539 883 1575 cOgnoscetis,
906 1543 994 1565 utrum

208 1591 251 1617 hic
266 1589 300 1617 sit
320 1591 459 1624 impostor,
475 1593 505 1614 ut
519 1587 616 1618 dicitis,
630 1593 662 1612 ac
678 1585 742 1620 legis
758 1590 947 1619 transgressum
961 1591 994 1610 an

203 1636 277 1664 Deus
302 1635 424 1662 universa
439 1639 609 1662 Conservans,
627 1631 803 1665 int-tl'abiliqne
819 1630 935 1664 potentia
951 1636 995 1656 res

209 1681 363 1708 mortalium
377 1679 534 1714 dispensans
550 1677 752 1710 moderansque.
777 1676 851 1710 Quod
867 1675 936 1707 dico,
958 1674 995 1701 fa-

200 1733 272 1755 ctum
284 1731 333 1755 est.
344 1727 545 1761 Exspcetarunt,
559 1730 586 1751 et
599 1731 632 1750 ex
643 1723 707 1757 ipsis
720 1723 796 1749 tactis
811 1721 942 1749 declarata
955 1725 996 1748 est

201 1774 288 1800 divina
302 1779 328 1800 et
343 1770 553 1806 inexpugnabilis
575 1768 704 1804 potentia.
721 1768 806 1801 Atque
822 1766 872 1793 huc
896 1766 990 1793 inven-

202 1823 268 1851 tum,
286 1817 355 1853 quod
370 1816 402 1844 ad
417 1814 589 1850 decipiendos
609 1813 737 1848 plurimos
757 1812 902 1839 adhibitum
926 1815 993 1842 erat,

199 1869 331 1892 retortum
350 1867 391 1890 est
403 1863 429 1889 in
442 1866 521 1896 caput
533 1859 639 1887 diaboli.
654 1858 718 1886 Nam
731 1865 789 1884 cum
803 1857 905 1887 videret
921 1856 993 1883 illum

201 1910 353 1942 advenisse,
365 1908 456 1935 volens
467 1906 536 1933 illius
547 1905 690 1933 obscurare
701 1904 842 1930 adventum
853 1909 994 1936 veramque

201 1954 437 1990 dispensationem,
449 1951 571 1979 submisit
584 1951 741 1984 deceptores
760 1949 868 1983 aliquot,
885 1956 937 1982 quo
953 1948 992 1974 vi-

201 2001 295 2029 delicet
309 2004 336 2027 et
348 1999 391 2026 ille
402 2006 470 2026 unus
480 2006 512 2025 ex
525 2005 616 2024 eorum
629 2003 739 2023 numero
750 1999 895 2030 putaretur.
905 1993 994 2028 Quod-

201 2054 252 2081 que
267 2046 295 2072 in
316 2052 395 2073 cruce
417 2044 489 2077 fecit,
511 2049 666 2078 procurans,
683 2045 710 2067 nt
723 2040 775 2067 duo
791 2041 906 2066 latrones
930 2047 991 2066 cum

202 2093 248 2120 illo
261 2091 478 2126 cruciﬁgerentur
490 2098 497 2117 :
513 2089 583 2116 idem
598 2087 660 2115 fecit
673 2087 699 2114 in
715 2087 785 2113 illius
799 2085 923 2116 adventu,
935 2089 992 2111 stu-

202 2139 269 2166 dens
284 2139 422 2165 veritatem
438 2136 555 2162 admixto
569 2133 707 2161 mendacio
722 2133 884 2160 obscurare:
901 2137 992 2158 verum

203 2191 252 2211 nec
265 2183 318 2210 illic
332 2181 478 2217 praevaluit,
494 2187 542 2206 nec
563 2179 619 2212 hic,
631 2178 693 2213 quin
709 2177 823 2204 maxime
841 2176 892 2203 hoc
908 2177 992 2211 ipsum

202 2229 346 2264 potentiam
367 2226 465 2254 Christi
487 2223 641 2252 declaravit.
656 2222 762 2256 Alioqui
775 2221 818 2248 dic
832 2221 908 2253 mihi,
933 2229 991 2253 cur,

203 2282 263 2302 cutn
278 2278 332 2301 tres
355 2272 453 2299 fuerint
467 2269 586 2298 crucitixi
607 2268 700 2295 eodem
721 2268 789 2299 loco,
807 2266 900 2294 eodem
924 2272 992 2294 tem-

203 2319 341 2357 pore,sub
363 2318 455 2345 iisdem
477 2315 619 2351 judicibus,
643 2314 678 2340 illi
694 2313 832 2345 sileantur,
855 2313 898 2340 hic
920 2313 992 2339 solus

202 2364 347 2392 adoretur?
367 2364 468 2390 Rursus
483 2368 561 2396 quam
575 2360 610 2386 ob
622 2366 678 2386 rem
694 2358 810 2389 laudent,
826 2366 885 2384 cum
903 2358 992 2392 plut-ee.

203 2418 300 2438 novam
312 2409 415 2436 vivendi
430 2407 559 2434 rationem
574 2405 735 2437 induxerint,
749 2411 780 2431 ac
793 2403 936 2438 discipulos
948 2403 992 2429 ha-

204 2457 319 2489 buerint,
342 2454 447 2481 illorum
466 2459 499 2479 ne
519 2459 614 2478 nomen
628 2449 734 2485 quidem
748 2449 825 2476 hodie
843 2453 933 2476 notum
947 2448 990 2479 sit,

205 2503 247 2529 hic
263 2508 309 2536 per
321 2506 414 2527 omnes
427 2497 517 2524 mundi
531 2496 620 2531 plagas
632 2495 754 2522 colatur?
765 2494 818 2521 Res
830 2493 900 2521 enitn
912 2493 992 2527 polis-

205 2549 302 2575 sinmtn
324 2545 478 2572 eluccscunt
498 2551 530 2570 ex
545 2542 696 2570 collatiorre.
712 2540 809 2568 Confer
824 2540 873 2567 ista
887 2539 960 2572 mitti,
976 2547 992 2566 ο

205 2592 307 2623 Judate,
323 2597 354 2617 ac
365 2589 436 2616 disce
452 2588 570 2616 veritatis
581 2587 774 2615 excellentiam.
789 2585 854 2619 Quis
864 2585 993 2620 impostor

206 2641 243 2664 tot
258 2635 390 2663 Ecclesias
401 2639 455 2662 toto
466 2640 596 2662 terrarum
607 2632 671 2660 orbe
687 2631 807 2667 paravit?
819 2631 883 2664 Quis
898 2630 931 2657 ab
944 2638 991 2657 ex-

207 2689 299 2710 tremts
312 2681 346 2709 ad
360 2687 478 2709 extrema
489 2679 580 2707 tnundi
594 2679 693 2706 cultum
707 2685 782 2705 suum
793 2676 919 2712 protulit?
929 2675 992 2709 Quis

206 2735 300 2756 omnes
314 2727 448 2762 subjectos
467 2726 569 2758 habuit,
590 2725 668 2760 idque
681 2732 740 2751 cutn
753 2727 844 2751 essent
855 2723 991 2750 innumera

206 2774 363 2802 obstacula?
377 2773 461 2800 Nemo
473 2779 547 2800 sane.
564 2772 658 2798 Annon
670 2769 750 2805 igitur
761 2769 928 2804 perspicuum
940 2772 990 2800 est,

202 2818 340 2846 Christum
353 2826 404 2846 non
417 2826 477 2846 esse
490 2818 673 2852 impostorem,
689 2815 735 2844 sed
755 2816 926 2847 salvatorem,
942 2812 990 2841 sed

574 119 602 147 S.
622 117 761 147 JOANMS
780 112 1014 144 CllltYI‘IOSTOSII
1035 111 1191 139 ARCllthl'.
1213 111 1478 140 (ῖΟΝὸἸἋΝΤΙΝίιῐ)Δ

1786 106 1842 135 888

1046 168 1204 202 beneﬁcum,
1213 169 1260 197 sed
1272 175 1433 203 curatorem,
1443 169 1489 198 sed
1501 169 1645 206 principem
1657 171 1716 198 vite
1727 175 1837 200 nostm.

1046 213 1160 241 Proinde
1174 214 1206 241 ad
1222 214 1248 242 id
1261 214 1331 250 quod
1345 220 1403 242 erat
1424 216 1587 250 propositum
1608 217 1710 248 redibo,
1725 218 1747 244 si
1763 219 1838 252 prius

1046 267 1125 287 unam
1141 259 1228 287 adhuc
1243 260 1442 295 przedictiOnem
1465 260 1602 288 addidero.
1620 261 1680 288 Non
1705 264 1769 295 ueni,
1794 264 1837 290 in-

1046 306 1113 340 quit,
1130 306 1226 332 mittere
1238 315 1325 340 pacem
1341 314 1417 340 super
1430 311 1533 339 terram,
1546 309 1591 333 sed
1604 308 1716 343 gladium
1727 309 1836 345 (.ltattlt.

1049 351 1091 378 l0.
1106 351 1151 386 5i)
1166 359 1172 377 :
1189 359 1242 378 non
1254 351 1394 378 declarans
1407 352 1468 386 quid
1485 352 1541 387 ipse
1555 359 1673 388 cuperet,
1685 354 1732 381 sed
1747 363 1838 381 rerum

1047 401 1170 423 eventum
1194 396 1349 430 pra-dicens.
1370 396 1432 424 Veni
1445 399 1521 431 enim,
1545 399 1639 434 inquit,
1659 409 1782 435 separare
1793 401 1840 427 lto-

1047 443 1139 469 minem
1157 443 1277 470 adversus
1298 449 1394 478 patrem
1405 452 1489 476 suum,
1512 450 1536 472 et
1557 454 1649 472 nurum
1662 447 1783 473 adversus
1794 454 1840 473 ao-

1047 497 1116 514 rrum
1130 497 1212 520 suam,
1228 493 1251 515 ct
1264 489 1344 522 ﬁliam
1358 487 1481 515 adversus
1492 496 1595 517 matrem
1608 500 1680 518 suam
1691 490 1742 526 (Ib.
1752 492 1837 526 v.55).

1050 533 1125 561 Unde
1140 534 1197 561 [nec
1213 534 1344 568 praedixit,
1371 535 1392 562 si
1409 535 1474 562 nihil
1488 535 1559 562 aliud
1574 541 1631 563 erat
1652 544 1730 571 quam
1746 537 1836 569 homo,

1048 585 1073 607 ct
1096 588 1162 607 unus
1176 581 1306 616 quispiam
1321 589 1336 608 e
1359 581 1457 617 vulgo?
1475 582 1550 615 Quod
1571 587 1658 610 autem
1672 583 1752 615 dicit,
1768 582 1838 609 hunc

1049 626 1128 654 habet
1151 635 1259 654 sensum
1274 637 1280 655 :
1297 628 1421 662 quoniam
1445 628 1542 661 evenit,
1559 633 1588 655 ut
1609 629 1634 655 itt
1650 629 1742 656 eadem
1759 629 1840 655 domo

1049 679 1116 698 unus
1131 672 1165 699 sit
1179 673 1273 705 tidelts,
1290 673 1357 700 alter
1380 673 1494 700 infidelis
1507 682 1513 699 ί
1530 674 1626 701 deinde
1641 680 1716 709 pater
1730 675 1791 702 velit
1806 674 1838 700 lio

1048 717 1111 745 lium
1137 726 1212 745 suum
1238 718 1392 753 pertrahere
1414 719 1447 746 ad
1471 719 1632 754 impietatem
1654 729 1660 746 :
1680 720 1731 747 hoc
1751 721 1837 754 ipsmn

1048 763 1195 798 prmdicens
1207 764 1242 790 ait
1256 763 1341 790 :adco
1354 765 1442 791 vincet
1455 765 1589 800 Evangelii
1605 771 1732 800 potestas,
1749 772 1777 793 ut
1790 765 1837 792 (itii

1047 817 1153 844 qttoque
1174 814 1345 837 contemnant
1361 814 1450 844 patres
1465 818 1538 843 suos,
1563 816 1590 838 et
1604 812 1663 838 tilia:
1686 817 1794 843 matres,
1811 816 1839 838 et

1049 859 1171 888 parentes
1194 855 1302 882 liberos.
1319 855 1375 882 Non
1397 856 1483 882 solum
1506 862 1592 883 autem
1615 857 1689 891 prius
1705 857 1840 885 habebunt.

1047 898 1194 927 familiares
1225 904 1408 934 contemnere,
1431 909 1522 928 verum
1537 903 1617 929 etiam
1633 910 1707 930 suam
1723 904 1838 930 animam

1047 953 1199 980 exponere,
1213 951 1362 981 cunctaque
1376 948 1508 975 sustinere
1522 956 1553 975 ac
1569 949 1681 983 perpeti,
1698 958 1730 976 ne
1755 950 1842 983 pieta-

1048 997 1100 1019 tem
1111 992 1254 1027 abnegent.
1268 992 1344 1020 Unde
1363 992 1420 1020 hmc
1434 993 1477 1020 ille
1493 997 1547 1020 tum
1568 994 1648 1026 scire,
1664 999 1717 1021 tum
1732 995 1839 1022 et’ticere

1049 1038 1145 1072 potuit,
1159 1039 1180 1065 si
1196 1038 1243 1065 l‘nit
1258 1038 1338 1065 homo
1352 1047 1420 1066 unus
1433 1039 1563 1074 quispiam
1578 1047 1593 1067 e
1608 1039 1703 1075 vulgo?
1716 1039 1789 1068 Umle
1801 1041 1839 1068 illi

1047 1083 1121 1110 venit
1134 1084 1160 1111 in
1183 1089 1299 1111 mentem
1314 1083 1370 1111 haec
1383 1085 1511 1119 cogitare,
1531 1084 1602 1120 quod
1618 1086 1673 1120 ipse
1693 1086 1754 1112 ﬁliis
1769 1091 1841 1114 esset

1048 1130 1131 1164 magis
1146 1130 1307 1157 reverendus
1320 1129 1423 1157 futurus
1437 1138 1515 1165 quam
1532 1136 1630 1165 patres,
1656 1132 1725 1166 quod
1740 1140 1838 1167 paren-

1048 1173 1118 1201 tibus
1130 1173 1231 1201 dulcior
1244 1182 1322 1209 quam
1340 1174 1427 1207 liberi,
1440 1175 1510 1210 quod
1527 1176 1654 1203 uxoribus
1673 1176 1838 1203 desiderabi-

1049 1218 1098 1245 lior
1113 1225 1191 1253 quam
1215 1219 1323 1245 mariti?
1344 1219 1423 1254 idque
1449 1227 1502 1246 non
1528 1227 1578 1247 una
1601 1220 1627 1247 in
1642 1220 1731 1251 domo,
1753 1229 1840 1256 neque

1047 1263 1159 1296 duabus,
1184 1272 1269 1299 neque
1285 1264 1380 1298 tribus,
1395 1273 1481 1300 neque
1506 1265 1611 1300 decem,
1628 1275 1714 1302 neque
1735 1268 1839 1302 viginti,

1048 1317 1132 1344 neque
1145 1314 1261 1342 centum,
1276 1310 1323 1338 sed
1338 1311 1435 1345 ubique
1449 1315 1591 1345 terrarum,
1613 1312 1639 1339 in
1654 1313 1763 1340 urbibus
1777 1321 1838 1340 om-

1048 1355 1127 1382 nibus
1149 1362 1180 1382 ac
1202 1356 1366 1390 regionibus,
1392 1356 1417 1383 in
1433 1361 1514 1389 terra,
1538 1357 1564 1384 in
1580 1358 1656 1390 mari,
1673 1362 1700 1385 et
1714 1359 1739 1385 in
1763 1363 1840 1393 parte

1048 1400 1139 1427 mundi
1155 1400 1269 1427 habitata
1283 1401 1398 1428 simulet
1414 1402 1598 1428 inhabitabili?
1611 1402 1665 1429 Nec
1677 1403 1738 1430 illud
1752 1404 1839 1438 possis

1047 1445 1156 1473 dicere:
1173 1445 1240 1473 dixit
1257 1446 1362 1480 quidem
1378 1447 1438 1480 ista,
1459 1454 1551 1474 verum
1575 1447 1644 1474 hattd
1660 1449 1783 1482 perduxit
1804 1449 1839 1476 ad

1047 1490 1180 1518 eﬂ'ectum.
1204 1491 1363 1526 Complures
1385 1491 1463 1526 igitur
1483 1492 1509 1519 in
1534 1492 1685 1526 primordiis
1709 1493 1839 1521 Ecclesiae

1047 1539 1126 1570 atque
1139 1535 1206 1562 adeo
1220 1543 1289 1563 nunc
1303 1544 1408 1571 quoque
1422 1537 1456 1564 ob
1473 1537 1597 1572 pietatem
1619 1537 1752 1566 habentur
1763 1539 1838 1572 odio,

1047 1581 1189 1616 ejiciuntur
1201 1588 1216 1608 e
1227 1582 1342 1616 paternis
1352 1582 1465 1615 :cdibus,
1481 1590 1530 1610 nec
1544 1582 1576 1609 ad
1588 1583 1729 1618 quidquam
1741 1583 1837 1610 horum

1049 1630 1227 1658 revertuntur,
1239 1626 1345 1654 abunde
1358 1633 1481 1661 magnum
1493 1627 1615 1654 solatium
1626 1635 1685 1655 esse
1697 1628 1837 1661 ducentes,

1047 1671 1117 1706 quod
1133 1671 1189 1698 haec
1203 1676 1312 1706 propter
1331 1671 1466 1699 Christum
1491 1673 1682 1707 perpetiantur.
1699 1673 1746 1700 Dic
1761 1673 1837 1706 mitti,

1047 1717 1107 1751 quis
1129 1716 1186 1744 haec
1205 1724 1330 1752 umquam
1354 1718 1440 1752 potuit
1454 1718 1523 1744 inter
1540 1717 1681 1745 homines?
1696 1719 1743 1746 llic
1758 1719 1839 1754 igitur

1048 1762 1106 1789 [nec
1119 1762 1207 1789 omnia
1224 1762 1355 1797 prmdixit,
1371 1762 1404 1790 de
1420 1763 1531 1790 muliere
1543 1763 1598 1796 illa,
1614 1763 1647 1790 de
1662 1763 1790 1796 Ecclesia,
1802 1763 1838 1791 de

1048 1807 1117 1834 bello
1131 1807 1182 1834 hoc
1204 1815 1211 1833 :
1233 1807 1303 1834 idem
1326 1807 1446 1841 praedixit
1459 1808 1584 1842 templum
1599 1808 1739 1841 ruiturum,
1756 1808 1836 1836 .lero-

1047 1853 1176 1887 solymam
1192 1858 1299 1887 captum
1322 1853 1364 1885 iri,
1381 1861 1494 1888 eamque
1508 1854 1640 1881 civitatem
1657 1862 1709 1881 non
1723 1855 1837 1889 amplius

1046 1898 1103 1925 fore
1126 1899 1259 1926 civitatem
1282 1899 1445 1932 Judteorum,
1474 1905 1502 1926 ut
1527 1906 1603 1927 antea
1624 1899 1678 1936 (Id.
1704 1901 1759 1936 24).
1782 1901 1836 1928 Ita-

1047 1952 1099 1979 que
1109 1944 1130 1971 si
1142 1944 1266 1971 mentitus
1278 1948 1318 1971 est
1327 1945 1368 1971 illa
1379 1945 1477 1975 omnia,
1488 1953 1536 1972 nec
1547 1951 1692 1972 evenerunt
1700 1954 1758 1980 quae
1767 1954 1838 1980 prae-

1046 1989 1122 2023 dixit,
1147 1990 1188 2016 his
1213 1990 1291 2016 tidem
1306 1998 1383 2024 nega.
1399 1990 1473 2023 Quod
1489 1991 1510 2017 si
1531 1991 1604 2017 vides
1623 1991 1667 2018 illa
1687 1991 1837 2019 clarissime

1046 2037 1177 2069 evenisse,
1194 2036 1274 2070 inque
1289 2036 1345 2063 dies
1361 2036 1478 2070 singulos
1500 2043 1652 2071 augescere,
1670 2045 1754 2071 neque
1769 2037 1836 2064 inte-

1045 2089 1135 2107 rorutn
1150 2086 1239 2115 portas
1253 2081 1379 2107 adversus
1393 2081 1538 2108 Ecclesiam
1551 2082 1709 2115 praevalere;
1724 2083 1744 2109 si
1761 2083 1836 2110 vides

1046 2127 1116 2162 quod
1138 2127 1232 2154 mulier
1246 2127 1289 2154 illa
1310 2127 1382 2159 fecit,
1406 2128 1544 2162 praedicari
1559 2133 1632 2154 tanto
1643 2129 1698 2162 jam
1714 2134 1836 2164 tempore

1046 2181 1093 2208 per
1108 2173 1260 2200 universum
1282 2173 1390 2205 orbem;
1406 2173 1427 2199 si
1453 2173 1574 2200 homines
1589 2173 1633 2208 qui
1650 2174 1687 2201 illi
1708 2174 1833 2201 credide-

1045 2224 1117 2250 runt.
1131 2227 1192 2246 eum
1209 2219 1290 2253 pluris
1305 2218 1407 2246 faciunt
1419 2226 1497 2253 quam
1513 2222 1648 2253 parentes,
1672 2227 1750 2254 quam
1766 2227 1835 2247 uxo-

1045 2274 1098 2298 res,
1113 2273 1192 2301 quam
1207 2266 1324 2292 liberos:
1340 2273 1397 2298 cur,
1414 2273 1516 2299 qua-so,
1532 2265 1592 2292 huic
1607 2266 1651 2293 uni
1668 2266 1835 2300 przedlctioni

1046 2311 1124 2339 ﬁdem
1148 2319 1201 2338 non
1228 2311 1358 2338 adhibes?
1382 2312 1528 2346 prtesertim
1554 2319 1614 2339 cum
1637 2319 1670 2338 ex
1692 2313 1748 2346 ipso
1768 2318 1835 2339 tent-

1047 2365 1110 2392 pore
1138 2357 1316 2384 testimonium
1343 2356 1413 2383 illius
1439 2357 1571 2383 silentium
1603 2357 1719 2391 imponat
1746 2357 1835 2391 impu-

1045 2404 1141 2431 dentiae
1156 2409 1217 2430 tum.
1233 2402 1307 2437 Quod
1323 2403 1344 2429 si
1360 2407 1419 2437 post
1441 2403 1572 2430 excidium
1588 2403 1660 2429 urbis
1674 2410 1728 2429 non
1745 2407 1834 2430 trans-

1046 2450 1129 2476 issent
1147 2448 1197 2476 nisi
1221 2448 1313 2475 decem
1329 2449 1401 2480 anni,
1417 2453 1462 2474 aut
1474 2448 1577 2482 viginti,
1593 2452 1638 2474 aut
1653 2447 1769 2482 triginta.
1790 2453 1837 2474 aut

1045 2494 1232 2530 quinquaginta
1246 2503 1253 2521 :
1269 2494 1377 2520 tninime
1392 2497 1478 2520 tamen
1494 2493 1606 2521 decebat
1620 2493 1660 2520 vel
1675 2497 1730 2520 tum
1749 2493 1836 2527 impu.

1045 2540 1139 2567 denter
1161 2540 1308 2573 obsistere,
1332 2539 1436 2566 etiamsi
1460 2539 1551 2566 fuisset
1572 2539 1660 2574 aliqua
1687 2538 1835 2565 reluctandi

1046 2585 1166 2617 occasio;
1192 2585 1246 2620 jam
1261 2592 1333 2616 vero,
1348 2585 1370 2612 si
1384 2592 1436 2611 non
1462 2584 1650 2619 quinquaginta.
1674 2587 1786 2616 tantum,
1808 2588 1837 2610 et

1046 2635 1163 2663 centum,
1189 2631 1242 2657 into
1265 2630 1305 2657 bis
1321 2637 1352 2657 ac
1367 2635 1407 2656 ter
1421 2634 1522 2656 tantum
1536 2636 1677 2662 annorum,
1693 2629 1837 2663 multoque

1045 2676 1171 2711 amplius,
1196 2676 1322 2710 praeteriit
1337 2679 1395 2710 post
1410 2676 1542 2703 civitatem
1557 2680 1671 2710 captam,
1697 2682 1747 2702 nec
1763 2675 1834 2702 inte-

1047 2721 1095 2748 rim
1109 2721 1190 2748 ullum
1206 2721 1357 2755 vestigium,
1371 2725 1418 2747 aut
1430 2720 1524 2747 umbra
1538 2720 1659 2756 apparuit
1675 2720 1742 2754 ejus,
1752 2728 1837 2756 quam

1046 2767 1221 2800 exspectatis,
1246 2766 1398 2793 mutationis
1421 2774 1428 2793 :
1453 2773 1502 2793 cur
1528 2766 1626 2795 frustra
1652 2766 1780 2802 nullaque
1804 2767 1839 2795 de

1046 2819 1125 2839 causa
1136 2811 1161 2838 in
1177 2811 1337 2845 impudentia
1353 2811 1528 2847 perseveras?
