2043 3116
204 130 256 158 889

238 185 263 211 4.
281 183 322 210 Ea:
341 181 467 218 prophetis
480 173 600 217 probaturf
610 180 729 215 templum
744 187 793 206 non
808 177 989 206 restituendum

205 229 383 258 rsse.—ll:ec
403 228 468 256 satis
489 232 564 255 erant
586 227 619 255 ad
640 225 874 254 demonstrandum
898 223 989 257 vobis,

204 284 346 311 numquam
362 275 418 302 fore
427 279 457 301 ιιι
468 273 592 308 templum
606 273 769 300 restituatur.
780 271 876 298 Verum
887 270 992 305 quando

205 323 303 350 veritas
316 321 405 348 multis
417 319 503 346 modis
514 316 656 347 exuberat.
672 316 759 344 missis
778 315 928 350 Evangeliis
938 335 945 346 ,
959 314 992 341 ad

206 368 349 404 prophetas
361 373 403 394 me
416 370 504 397 verto,
521 363 615 399 quibus
628 363 741 390 maxime
757 361 879 389 videnlur
892 360 972 387 lidcre
984 369 991 387 :

205 420 286 449 atque
302 422 333 440 ex
350 413 391 440 his
416 411 582 447 perspicuum
603 410 712 442 faciam,
732 416 818 443 neque
841 408 992 439 civitatem,

206 467 292 495 neque
302 459 427 493 templum
436 465 559 492 umquam
570 456 677 491 posthac
686 453 888 482 restituendum.
896 452 992 485 Quam-

207 513 284 541 quam
300 504 364 531 nihil
380 508 436 531 erat
451 503 515 530 mihi
534 509 646 529 necesse
659 501 842 528 demonstrare
856 497 926 533 quod
942 503 993 523 non

208 552 370 580 restituetur.
391 550 482 584 Neque
506 549 576 576 enim
600 555 685 581 meae,
709 546 756 574 sed
779 545 884 572 illorum
908 547 995 578 partes

208 602 284 626 erant
297 597 404 629 docere,
417 595 487 631 quod
500 600 571 622 esset
585 592 787 621 restituendum.
798 591 862 619 Nam
876 598 925 625 ego
939 588 996 624 qui-

209 645 268 671 dem
283 651 314 670 ex
331 643 387 677 ipso
403 647 522 676 tempore
536 647 681 674 congruum
698 638 783 666 habeo
800 635 994 667 testimonium,

212 689 275 715 mihi
296 687 465 723 patrocinans
478 695 484 712 :
497 685 546 720 ipsi
566 689 669 718 contra,
694 691 753 711 cum
775 691 806 710 ex
829 683 887 717 ipso
908 687 996 708 rerum

212 737 308 761 eventu
317 732 483 767 dejictantur,
495 738 544 758 nec
554 730 697 765 quidquam
709 736 812 762 eorum,
824 735 882 764 qua:
895 727 995 772 dipunt,

210 783 308 813 qtteant
318 778 511 808 demonstrare,
525 781 612 802 tamen
623 774 687 802 nihil
697 773 767 801 aliud
778 781 855 808 quam
866 774 999 799 ostentant

211 832 280 856 sese,
295 831 354 851 cum
370 826 491 857 oporteat
503 822 574 856 ipsos
588 820 765 848 testimonium
780 819 916 847 exltibere.
931 817 997 845 Nam

213 870 256 896 illa
269 876 327 903 quae
342 868 402 895 dico
417 875 448 894 ex
464 867 521 902 ipso
535 874 623 893 rerum
643 870 739 893 eventu
750 865 833 892 doceo
848 871 907 891 esse
919 870 996 890 vera:

213 914 313 941 corruit
328 914 397 941 enim
413 912 516 946 civitas,
538 919 588 939 nec
602 917 654 938 tant
667 911 747 946 longo
759 910 812 945 jam
826 913 944 944 tempore
956 909 998 935 in»

214 965 332 988 staurata
353 963 408 992 est;
429 963 523 986 eorttra
545 966 604 993 quas
626 957 716 985 dicunt
737 957 791 990 isti,
813 955 890 983 nudis
912 954 1000 982 verbis

214 1008 343 1034 nituntur.
365 1003 596 1040 Atquidebebant
619 1003 668 1037 ipsi
691 1002 806 1034 docere,
833 1001 949 1027 futurum
971 1003 999 1027 ut

213 1052 305 1079 civitas
320 1058 411 1078 rursus
425 1050 594 1076 instauretur.
610 1047 827 1082 Quandoquidem
842 1046 868 1073 in
883 1045 999 1073 forensi-

214 1098 262 1124 bus
275 1097 353 1124 etiam
363 1095 469 1130 judiciis
483 1094 602 1121 videmus
615 1094 654 1120 sic
668 1093 724 1120 ﬁeri
740 1091 920 1127 probationes.
934 1089 1000 1117 Nam

214 1142 317 1177 quoties
332 1142 399 1168 inter
412 1141 480 1168 ullos
493 1140 578 1174 aliqua
591 1139 683 1166 incidit
695 1137 885 1169 controversia,
898 1140 923 1163 et
936 1135 1002 1163 alter

215 1187 396 1222 probationem
411 1186 511 1221 scripto
523 1184 634 1220 profert,
645 1183 740 1211 deinde
752 1183 774 1210 is
786 1182 913 1209 adversus
923 1188 1002 1216 quem

215 1233 319 1267 agitur,
345 1231 478 1258 inﬁciatur
498 1238 529 1258 ea
552 1238 610 1264 qum
633 1227 925 1264 objiciunturzcogitur
947 1227 1003 1261 ipse

217 1283 307 1312 postea
322 1282 404 1305 testes
418 1282 446 1304 et
459 1277 526 1303 alias
538 1275 633 1303 afferre
646 1275 827 1310 probationes,
843 1273 939 1308 quibus
953 1272 1002 1299 do-

215 1330 273 1353 ceat
286 1333 339 1352 non
350 1331 409 1352 esse
418 1330 478 1350 vera
487 1330 546 1358 quae
553 1322 652 1356 scripto
662 1322 841 1353 continentur,
851 1327 903 1347 non
913 1323 1003 1346 autem

217 1371 238 1398 is
251 1370 294 1405 qui
310 1369 437 1404 scriptum
453 1367 587 1403 produxit.
608 1366 710 1394 Eodem
732 1365 812 1392 modo
830 1363 1004 1392 conveniebat

216 1421 243 1443 et
265 1416 329 1443 istos
347 1415 390 1442 ltic
410 1415 509 1446 facere,
535 1413 664 1448 nobisque
686 1413 712 1439 in
727 1412 844 1439 medium
859 1410 1004 1446 producere

217 1460 382 1496 prophetam,
394 1460 438 1494 qui
450 1459 601 1493 prrcdixerit
610 1458 718 1485 omnino
730 1457 856 1488 futurum,
871 1460 900 1483 ut
912 1455 1005 1482 civitas

218 1506 381 1533 restituatur.
390 1504 455 1531 Nam
469 1504 490 1530 si
502 1503 642 1538 pratscntis
652 1502 815 1537 captivitatis
825 1501 885 1528 ﬁnis
895 1500 1004 1528 omnino

217 1551 320 1578 futurus
333 1554 413 1583 esset,
428 1557 537 1578 necesse
550 1549 642 1581 fuisse,
654 1553 683 1575 ut
692 1547 830 1583 propheta:
840 1547 865 1574 id
878 1554 1004 1581 pra‘nun-

218 1597 331 1629 tiarent,
356 1596 441 1630 palam
461 1599 501 1622 est
523 1594 664 1627 omnibus,
688 1593 732 1628 qui
756 1592 800 1620 vel
819 1592 905 1620 obiter
924 1591 1006 1619 libros

219 1641 386 1677 propheticus
409 1640 580 1675 inspexerint.
594 1640 649 1667 Mos
662 1639 732 1666 enim
746 1643 802 1666 erat
815 1637 884 1673 apud
899 1637 1006 1665 Judzeos

217 1691 303 1718 vetus,
317 1692 346 1713 ut
359 1686 494 1720 propheta:
508 1684 635 1712 divinitus
649 1684 730 1711 afﬂati
754 1683 927 1718 praedicerent
943 1682 1004 1716 illis,

217 1740 275 1767 qua‘
289 1733 468 1764 imminerent,
481 1739 527 1758 seu
539 1732 617 1763 bona,
634 1738 680 1758 seu
692 1730 769 1757 mala.
785 1729 873 1762 Quare
886 1733 913 1756 et
925 1736 1004 1763 quam

218 1778 252 1804 ob
267 1778 342 1805 rem?
359 1777 471 1812 Propter
489 1777 618 1811 insignem
640 1775 746 1803 illorum
769 1775 966 1809 improbitatem
980 1778 1007 1801 et

219 1824 408 1858 impudentiam
421 1832 427 1849 :
439 1823 567 1857 siquidem
582 1822 652 1849 illico
667 1821 856 1849 beneﬁciorum
872 1821 918 1848 Dei
933 1821 1002 1848 obli-

219 1868 395 1898 viscebantur,
408 1875 492 1902 eaque
503 1874 561 1902 quae
574 1867 682 1899 fiebant,
693 1866 860 1894 daemonibus
869 1866 1005 1893 adserihe-

219 1914 292 1946 bant,
307 1918 335 1940 et
349 1913 416 1940 bona
430 1912 483 1939 illis
497 1911 669 1946 imputabant.
688 1912 773 1939 Etiam
786 1919 865 1944 nunc,
881 1918 941 1938 cum
955 1911 1006 1938 illis

218 1959 332 1993 egressis
345 1966 376 1985 ex
389 1958 505 1993 )Egypto
519 1965 592 1985 mare
605 1958 718 1984 scissum
733 1962 813 1990 esset,
829 1957 932 1992 aliaque
945 1964 1008 1992 pro.

219 2003 287 2038 digia
309 2003 418 2035 ﬁerent,
439 2002 513 2029 obliti
533 2002 603 2037 quod
618 2002 675 2029 haec
692 2006 800 2029 auctore
815 2002 868 2029 Deo
880 2009 1005 2037 gereren—

221 2053 272 2081 tur,
291 2049 324 2075 iis
345 2048 389 2083 qui
402 2048 438 2075 dii
458 2055 510 2075 non
525 2051 617 2081 erant,
632 2048 782 2075 tribuebant
794 2055 825 2075 ea
839 2055 897 2083 qua:
910 2048 1008 2075 ﬁebant

219 2095 337 2121 dicentes
355 2093 454 2120 Aaroni
465 2102 472 2120 :
484 2093 538 2120 Fac
558 2094 627 2120 nobis
654 2093 730 2127 deos,
745 2094 788 2128 qui
802 2094 944 2129 praecedant
962 2102 1007 2120 nos

220 2139 315 2177 (Exod.
338 2140 383 2168 ’52-
407 2141 443 2175 1).
465 2140 587 2167 Ieremia:
610 2147 715 2175 quoque
738 2139 1007 2167 dicunt:Sermonem

218 2194 291 2219 quem
308 2186 422 2220 loquutus
442 2193 468 2212 es
484 2185 518 2211 ad
536 2193 581 2212 nos
595 2185 621 2212 in
636 2185 735 2212 nomine
753 2185 872 2217 Domini,
894 2193 944 2212 non
962 2193 1008 2212 au-

219 2232 315 2258 diemus
330 2239 362 2258 ea:
375 2236 407 2263 te,
417 2231 535 2266 quoniam
548 2231 668 2266 faciemus
680 2231 774 2262 omnia,
785 2238 841 2266 qute
851 2231 1008 2266 egredientur

219 2285 250 2303 ex
263 2285 306 2305 ore
321 2281 422 2303 nostra:
432 2280 459 2302 ut
472 2276 617 2303 adoleamus
629 2276 723 2311 reginw
737 2276 802 2308 cteli,
816 2280 839 2303 et
852 2275 956 2303 libemus
968 2275 1008 2302 illi

219 2323 348 2355 libamina,
360 2322 569 2357 quemadmodum
579 2322 683 2356 fecimus
693 2326 714 2349 et
725 2330 780 2354 nos,
792 2327 814 2349 et
824 2326 908 2357 patres
918 2322 1007 2356 nostri,

221 2373 243 2396 et
256 2377 325 2404 reges
342 2369 422 2396 nostri
433 2373 457 2395 et
470 2369 594 2403 principes
604 2369 683 2395 nostri
694 2376 703 2395 :
713 2372 736 2395 et
743 2368 831 2403 repleti
839 2376 924 2395 sumus
936 2368 1009 2403 pani-

220 2415 274 2445 bus,
289 2418 312 2440 et
327 2414 421 2449 fuimus
429 2414 548 2449 jucundi,
559 2418 582 2440 et
597 2413 665 2440 mala
677 2422 727 2440 non
741 2413 847 2440 vidimus
856 2421 865 2440 .'
874 2418 897 2440 et
909 2417 1009 2448 postca-

220 2466 295 2492 quam
312 2458 451 2485 destitimus
463 2459 564 2485 adolere
571 2459 668 2494 :eginw
681 2459 746 2491 ca’li,
765 2463 787 2485 et
800 2459 878 2486 libare
891 2458 930 2485 illi
942 2458 1008 2485 liba-

218 2505 305 2537 mina,
326 2504 442 2531 diminuti
456 2513 542 2532 sumus
557 2513 641 2531 omnes
663 2513 725 2538 nos,
745 2509 768 2530 et
788 2504 874 2539 gladio
893 2505 1008 2539 fameque

220 2549 355 2581 deferimus
375 2550 440 2585 (λον.
458 2551 502 2578 44.
522 2551 565 2577 16.
589 2549 644 2586 18).
666 2550 779 2577 Proinde
792 2557 826 2577 ne
839 2549 900 2584 quid
914 2557 1006 2577 eorum

219 2603 278 2629 quae
293 2596 488 2630 contingerent,
510 2596 660 2623 simulacris
674 2596 844 2630 imputarent,
860 2595 906 2622 sed
922 2595 1008 2630 potius

219 2640 359 2668 crederent
379 2644 405 2667 et
419 2640 532 2668 ultiones
546 2646 573 2668 et
596 2641 723 2668 beneﬁcia
739 2641 803 2676 ipsis
817 2648 831 2667 a
847 2641 902 2668 Deo
925 2640 1007 2676 proﬁ-

219 2686 297 2719 cisci;
321 2685 378 2713 illas
402 2686 507 2721 quidem
527 2687 561 2714 ob
579 2691 707 2722 peccata,
732 2687 789 2714 lucc
808 2694 873 2714 vero
894 2694 940 2720 per
961 2686 1006 2714 Dei

219 2731 419 2766 benignitatem,
436 2731 572 2766 propheta:
587 2732 714 2759 divinitus
727 2732 808 2759 afﬂati
830 2731 1007 2766 prmdicebant

220 2776 272 2803 illis
287 2781 423 2803 eventura.
438 2777 524 2812 Atque
539 2780 567 2804 ut
579 2777 677 2805 certius
690 2778 772 2811 scias,
792 2778 860 2805 hanc
872 2785 932 2806 esse
945 2785 1007 2805 cau-

220 2829 275 2850 sam
298 2821 493 2856 put-dictionis,
515 2822 573 2850 vide
591 2823 654 2859 quid
675 2823 746 2851 dicat
766 2823 947 2852 vocalissimus
961 2823 1005 2852 ille

800 119 980 149 ADVERSUS
994 119 1146 148 JUDA‘IOS.
1169 119 1200 147 ν.

1776 125 1828 152 890

1043 177 1122 205 Isaias
1147 177 1179 205 ad
1203 177 1329 213 populum
1355 178 1492 206 Judaicutn
1517 179 1601 207 :Scio
1616 181 1684 215 quod
1707 182 1783 207 iturus
1800 191 1825 208 es
1858 188 1860 190 '

1044 229 1080 256 tu,
1095 229 1117 250 et
1132 232 1221 251 nervus
1233 226 1329 260 ferreus
1343 226 1427 252 cervix
1447 229 1490 252 tua
1503 224 1575 261 (Isai.
1590 226 1634 253 48.
1645 225 1672 261 4)
1693 234 1700 253 ε
1717 226 1767 253 ltoc
1778 231 1830 260 est,

1045 269 1195 297 inflexibilis
1208 278 1214 296 :
1227 269 1260 296 Et
1274 272 1345 306 frons
1358 275 1402 297 tua
1414 278 1490 303 terea,
1506 270 1557 298 hoc
1570 275 1609 298 est
1624 270 1774 306 impudens.
1788 271 1832 300 Sic

1045 320 1072 342 et
1080 322 1128 342 nos
1139 314 1293 349 frequenter
1300 315 1418 342 solemus
1425 323 1471 343 eos
1480 316 1523 350 qui
1534 316 1653 343 nesciunt
1664 316 1831 350 erubescere,

1046 365 1255 396 χαλκοπροσώπους
1268 382 1274 393 ,
1300 361 1325 388 id
1340 366 1381 389 est
1392 383 1398 393 ,
1415 370 1511 389 :vream
1527 363 1654 391 habentes
1667 364 1771 396 faciem,
1784 373 1829 400 ap.

1047 406 1155 442 pt-llare.
1172 406 1205 433 Et
1225 407 1374 433 annuntiatli
1394 408 1436 434 tibi
1459 416 1514 442 qua:
1531 413 1632 435 venturi
1654 414 1725 435 erant
1745 410 1770 435 in
1792 416 1825 442 te,

1047 453 1192 488 priusquam
1205 453 1292 487 ﬁerent
1304 460 1313 480 :
1325 457 1347 480 et
1361 462 1390 480 ea
1410 458 1434 480 te
1448 454 1535 481 audire
1550 453 1607 490 feci.
1624 454 1726 483 Deinde
1738 456 1834 490 praedi-

1046 498 1142 525 ctiottis
1154 506 1260 526 causam
1281 500 1436 532 euuntians,
1451 499 1574 534 stthjicit:
1589 499 1629 527 Ne
1640 501 1740 536 quando
1753 501 1834 535 dicas,

1047 544 1117 571 idola
1126 544 1188 571 mihi
1198 544 1320 578 fecerunt,
1334 549 1357 571 et
1370 545 1500 579 sculptilia
1511 547 1697 582 conflatiliaque
1707 555 1831 583 princepse-

1047 593 1105 615 runt
1121 589 1191 615 nti/ti.
1207 591 1245 617 Ae
1260 598 1368 623 rursus,
1383 591 1508 625 quoniam
1527 592 1676 626 pervicaces
1689 593 1794 627 quidam
1811 598 1838 621 ct

1049 634 1110 660 elati
1125 639 1183 668 post
1199 639 1323 662 eventum
1339 635 1375 662 rei
1388 636 1555 670 itnpudcnler
1565 637 1688 672 agebant,
1698 638 1772 672 quasi
1784 645 1836 665 non

1049 679 1122 713 prius
1135 679 1271 707 audissent
1283 689 1288 706 :
1302 681 1437 715 propheta:
1451 689 1503 708 non
1514 682 1598 709 Solum
1612 682 1698 710 futura
1711 684 1836 718 praidiee-

1051 725 1114 763 bant
1126 745 1133 757 ,
1151 733 1244 752 verum
1259 726 1339 753 etiam
1364 731 1444 754 testes
1465 727 1625 755 adhibebant
1644 736 1735 756 eorum
1747 749 1754 762 ε
1779 736 1837 763 (ιιιύ

1049 771 1218 804 gerebantur.
1240 771 1282 799 Sic
1301 772 1371 799 enim
1386 781 1477 800 rursus
1499 773 1613 808 loquitur
1635 773 1705 801 idem
1730 774 1811 802 Isaias
1827 783 1837 802 :

1052 815 1091 841 Da
1104 815 1166 842 mihi
1182 820 1253 843 testes
1270 817 1335 843 viros
1355 817 1426 844 bona;
1448 818 1523 852 ﬁdei,
1548 818 1635 846 Uriam
1649 825 1672 846 et
1686 819 1838 847 Zachariam

1051 860 1132 895 filium
1155 860 1288 889 Baracltia:
1310 863 1462 890 sacerdotem
1489 863 1552 900 (Id.
1578 864 1604 891 8.
1629 864 1679 900 2).
1707 865 1761 892 Nec
1788 866 1839 893 hoc

1051 911 1210 941 contentus,
1235 908 1261 935 in
1285 916 1355 936 novo
1377 909 1509 937 volumine
1534 909 1692 944 descriptam
1718 911 1840 946 deposuit

1052 953 1229 988 prophetiam,
1240 959 1268 981 ut
1279 958 1338 988 post
1350 959 1474 982 eventum
1489 956 1553 990 ipsae
1567 956 1649 983 litera:
1663 962 1754 984 contra
1770 959 1842 992 ipsos

1052 998 1159 1026 Iudaeos
1184 999 1363 1026 testimoniunt
1391 1000 1503 1034 ferrent,
1529 1001 1599 1036 quod
1627 1001 1717 1029 aﬂlatu
1741 1003 1842 1030 erlesti

1052 1044 1136 1071 multo
1150 1048 1212 1072 ante
1231 1049 1351 1080 tempore
1375 1045 1467 1073 fuisset
1487 1046 1539 1074 illis
1559 1047 1726 1082 prmdictum.
1750 1049 1844 1084 quue

1053 1096 1105 1116 non
1119 1089 1204 1116 solum
1219 1090 1325 1124 scripsit
1340 1090 1393 1118 illis
1409 1091 1434 1117 in
1450 1091 1596 1125 volumine,
1613 1093 1659 1120 sed
1673 1093 1698 1120 in
1714 1102 1783 1121 novo
1797 1102 1842 1122 vo-

1054 1134 1163 1168 lumine,
1178 1143 1231 1169 quo
1250 1140 1340 1170 posset
1363 1137 1389 1163 itt
1409 1137 1521 1164 multum
1537 1137 1633 1165 durare
1655 1143 1759 1173 tempus
1770 1160 1778 1173 ,
1794 1148 1844 1167 nec

1053 1178 1130 1211 facile
1141 1180 1287 1214 corrumpi,
1304 1181 1350 1208 sed
1362 1187 1519 1216 exspectare
1531 1188 1654 1210 eventum
1670 1191 1771 1218 rerum,
1785 1193 1845 1220 quae

1055 1224 1090 1251 ibi
1104 1225 1319 1253 continebantur.
1329 1227 1408 1254 Certe
1423 1235 1514 1255 verum
1528 1236 1588 1256 esse
1601 1230 1672 1264 quod
1684 1230 1754 1264 dico,
1769 1231 1843 1259 vide-

1054 1269 1115 1297 licet
1127 1270 1209 1298 Dcum
1222 1271 1275 1299 illis
1288 1273 1378 1300 omnia
1391 1278 1500 1301 ventura
1511 1275 1677 1309 praedixisse,
1687 1284 1739 1304 non
1753 1285 1787 1304 ex
1802 1278 1846 1306 his

1056 1320 1157 1355 tantum
1167 1337 1175 1350 ,
1197 1325 1288 1344 verum
1304 1322 1331 1345 et
1344 1326 1378 1345 ex
1392 1319 1455 1353 ipsis
1478 1328 1537 1354 qua:
1553 1321 1605 1348 illis
1619 1322 1773 1350 acciderunt
1788 1327 1844 1351 tum

1040 1361 1135 1394 'bona,
1151 1368 1206 1390 tum
1222 1363 1302 1397 mala,
1317 1363 1516 1393 demonstrabo.

1090 1408 1116 1435 5.
1132 1407 1192 1435 Tres
1203 1409 1353 1437 Judworum
1364 1411 1501 1438 servitutes.
1512 1413 1619 1440 -—Tres
1632 1415 1773 1443 scrvitutes
1785 1423 1845 1451 gra-

1055 1452 1177 1480 vissimas
1191 1455 1353 1488 pertulerunt
1365 1455 1460 1489 Judaei,
1471 1465 1505 1491 qu
1516 1466 1581 1485 'rum
1597 1460 1694 1486 nullam
1708 1461 1778 1488 Deus
1791 1462 1845 1489 illis

1056 1497 1166 1533 ingessit
1180 1507 1231 1526 non
1245 1500 1407 1534 praedictam,
1422 1502 1469 1529 sed
1483 1511 1693 1540 unamquamque
1708 1507 1760 1534 illis
1777 1516 1845 1541 pne-

1056 1544 1194 1572 dicendam
1208 1546 1318 1578 curavit,
1332 1552 1358 1574 et
1373 1547 1470 1582 locum,
1486 1554 1512 1576 et
1526 1554 1638 1584 tempus,
1653 1556 1679 1578 et
1694 1559 1845 1586 personant,

1057 1594 1083 1617 et
1104 1590 1254 1619 afﬁictionis
1273 1593 1389 1626 speciem
1403 1613 1411 1626 ,
1432 1598 1459 1621 et
1483 1595 1607 1628 reditum,
1629 1596 1731 1631 aliaque
1752 1603 1846 1625 cuncta

1057 1645 1160 1665 summa
1179 1646 1238 1666 cum
1260 1638 1397 1675 diligentia
1418 1642 1611 1676 pratnuncians.
1629 1642 1668 1669 Ac
1689 1643 1774 1678 primo
1788 1644 1847 1671 loco

1058 1684 1254 1718 praedictionem
1268 1684 1379 1713 referam
1392 1686 1425 1714 de
1435 1688 1585 1721 captivitate
1598 1688 1624 1715 in
1638 1689 1764 1724 (Egypto.
1778 1691 1848 1718 Deus

1058 1729 1168 1764 loquens
1182 1730 1215 1757 ad
1229 1731 1361 1758 Abraham
1376 1732 1416 1760 his
1431 1733 1518 1760 verbis
1533 1733 1616 1761 utitur
1632 1743 1638 1761 :
1659 1734 1747 1762 Sciens
1766 1737 1847 1770 scias,

1057 1775 1124 1810 quod
1137 1783 1218 1803 semen
1232 1781 1301 1803 tuum
1314 1778 1471 1813 peregrinum
1481 1779 1526 1805 erit
1536 1780 1562 1806 in
1575 1784 1640 1806 terra
1655 1789 1705 1808 non
1715 1789 1770 1812 sua,
1785 1786 1808 1809 et
1821 1781 1848 1808 itt

1058 1821 1200 1848 servitutem
1214 1822 1326 1857 redigent
1341 1828 1365 1850 et
1381 1824 1489 1859 affligant
1506 1825 1570 1852 illud
1588 1827 1661 1853 annis
1675 1828 1845 1863 quadringen-

1058 1866 1099 1893 tis.
1116 1865 1219 1894 Gentem
1233 1875 1314 1895 autem
1324 1889 1332 1901 ,
1346 1870 1491 1904 cuicumque
1501 1871 1639 1905 servierint,
1655 1881 1699 1908 ego
1709 1874 1845 1908 judicalto,

1059 1911 1119 1938 dicit
1139 1911 1272 1940 Dominus.
1298 1914 1394 1946 Quarta
1411 1920 1494 1942 autem
1517 1918 1677 1951 generatione
1693 1924 1846 1946 revertentur

1059 1957 1106 1984 huc
1121 1966 1178 1984 cum
1190 1963 1315 1993 apparatu
1326 1960 1427 1994 copioso
1442 1961 1517 1996 (Gen.
1535 1962 1578 1989 15.
1595 1963 1678 1990 15-16
1690 1965 1709 1998 ).
1728 1964 1806 1992 Vides
1819 1971 1849 1992 ut

1060 2007 1086 2030 et
1112 2011 1251 2031 numerum
1277 2012 1406 2032 annorum
1431 2008 1613 2041 expresserit,
1637 2009 1845 2045 quadringentos

1059 2056 1142 2076 annos
1154 2053 1180 2076 et
1197 2050 1329 2077 servitutis
1347 2051 1452 2078 modunt
1463 2072 1470 2085 ,
1485 2059 1544 2078 eum
1565 2061 1618 2079 non
1638 2054 1793 2088 simpliciter
1807 2057 1848 2083 itt-

1059 2094 1131 2128 quit,
1153 2095 1177 2120 in
1193 2096 1332 2122 servitutem
1352 2096 1473 2130 redigeut,
1487 2097 1534 2124 sed
1548 2097 1629 2130 addit,
1645 2100 1762 2135 affligant.
1779 2102 1847 2129 Audi

1059 2139 1191 2173 quomodo
1206 2140 1290 2167 Moses
1304 2141 1380 2175 paulo
1393 2146 1451 2176 post
1465 2147 1579 2176 exponat
1590 2144 1759 2172 afﬁictionem
1774 2155 1780 2173 :
1795 2146 1850 2173 Pa-

1060 2185 1115 2217 lctc,
1131 2185 1223 2219 inquit,
1239 2194 1288 2212 non
1304 2185 1394 2213 dantur
1409 2187 1509 2222 famulis
1524 2188 1583 2222 tuis,
1597 2193 1620 2215 et
1628 2190 1716 2224 jubent
1729 2199 1774 2217 nos
1787 2192 1850 2219 late-

1060 2239 1098 2257 res
1113 2232 1194 2265 facere
1209 2230 1307 2267 (Exod.
1326 2232 1353 2260 5.
1371 2233 1423 2267 16)
1437 2242 1443 2260 :
1457 2237 1483 2260 et
1498 2234 1586 2268 ﬂagris
1599 2235 1770 2264 ctedebantttr
1780 2245 1848 2272 quo-

1061 2276 1122 2303 tidie
1134 2297 1141 2309 ,
1159 2281 1185 2303 ut
1201 2277 1332 2311 intelligas
1354 2278 1415 2313 quid
1431 2279 1479 2305 sibi
1496 2280 1575 2313 velit,
1591 2281 1618 2307 in
1632 2283 1773 2309 servitutem
1788 2284 1848 2311 red-

1059 2321 1127 2356 igent
1139 2326 1162 2348 et
1175 2322 1293 2357 affligant.
1310 2322 1413 2350 Gentem
1429 2329 1521 2358 autent,
1537 2325 1632 2359 inquit,
1645 2328 1687 2354 cui
1702 2329 1847 2362 servierint,

1060 2376 1104 2403 ego
1112 2368 1233 2403 judicubo
1247 2369 1256 2404 (
1268 2368 1330 2396 Gen.
1346 2370 1388 2397 15.
1408 2369 1459 2406 14)
1477 2379 1483 2396 :
1498 2371 1649 2406 signiﬁcans
1663 2373 1849 2408 ngyptiorum

1060 2413 1270 2441 submersionem
1290 2414 1315 2440 in
1336 2414 1402 2451 mari
1423 2415 1528 2448 Rubro,
1545 2424 1623 2451 quam
1637 2417 1662 2444 in
1677 2419 1787 2445 canticis
1801 2419 1850 2446 de-

1060 2458 1179 2485 scribens
1193 2458 1278 2486 Moses
1288 2459 1449 2494 sicloquitur
1462 2469 1469 2486 :
1485 2459 1585 2496 Equum
1595 2467 1617 2488 ct
1630 2470 1785 2490 ascensorem
1796 2465 1852 2499 ejus

1061 2505 1164 2539 proiecit
1182 2505 1208 2531 in
1229 2513 1297 2532 mare
1308 2503 1409 2541 (Exod.
1421 2506 1463 2533 15.
1481 2506 1526 2541 1).
1551 2506 1611 2534 Mox
1627 2512 1653 2535 et
1671 2508 1771 2536 reditus
1791 2517 1850 2536 mo-

1060 2550 1140 2583 dum,
1159 2551 1229 2585 quod
1246 2556 1334 2578 essent
1355 2551 1464 2579 redituri
1485 2560 1545 2580 cum
1569 2554 1651 2582 multa
1671 2555 1847 2589 supellectile.

1061 2597 1167 2629 Sumite,
1186 2596 1279 2632 inquit,
1293 2598 1449 2625 commodata
1463 2607 1478 2625 a
1490 2607 1535 2625 sua
1548 2608 1650 2636 qua’que
1663 2601 1743 2628 vicina
1756 2606 1778 2628 et
1791 2611 1852 2629 con-

1060 2641 1183 2668 tubernali
1203 2650 1261 2669 vusa
1278 2650 1355 2669 aurea
1373 2647 1397 2669 et
1416 2650 1534 2678 argentea
1563 2644 1623 2681 (Id.
1648 2646 1675 2673 5.
1697 2645 1754 2682 22).
1780 2647 1852 2680 Quo-

1059 2686 1129 2713 niam
1145 2687 1215 2713 enim
1229 2687 1307 2722 longo
1323 2692 1441 2722 tempore
1455 2689 1620 2724 servierant,
1635 2698 1685 2718 nec
1698 2691 1849 2720 mercedem

1059 2735 1234 2766 receperant,
1248 2732 1316 2759 Deus
1328 2732 1416 2760 eﬁ'ecit
1427 2737 1456 2761 ut
1470 2734 1640 2762 inscientibus
1654 2744 1685 2763 ac
1700 2737 1850 2765 nolentibus

1060 2778 1139 2805 etiam
1158 2782 1296 2813 peterent,
1317 2779 1466 2815 clamatque
1481 2781 1607 2816 propheta
1623 2783 1714 2810 dicens
1730 2792 1736 2810 :
1753 2783 1854 2811 Eduxit

1059 2833 1100 2852 eos
1113 2833 1168 2852 cum
1183 2831 1284 2860 argento
1297 2830 1320 2854 et
1330 2834 1401 2862 auro,
1418 2835 1461 2855 nec
1474 2832 1526 2855 erat
1541 2828 1566 2855 in
1580 2828 1697 2857 tribubus,
1705 2838 1791 2858 eorum
1806 2831 1854 2860 ita-
