2006 3124
241 138 290 166 891

239 201 331 234 firmus
344 196 354 234 (
366 196 436 225 Psal.
452 196 513 224 104.
526 196 559 223 ⁸57
571 194 592 231 ).
605 194 667 222 Haec
677 198 717 221 cst
729 201 779 220 una
794 192 908 220 servitus
920 189 1032 219 exactis-

241 245 308 270 sime
326 242 464 278 prada-ta.
475 242 530 277 Age
547 248 617 268 nunc
628 245 655 268 ct
673 239 705 266 ad
724 239 834 267 alteram
853 237 1033 271 captivitatem

242 292 377 315 vertamus
388 295 494 314 scrmon
505 294 548 318 -m,
558 293 635 320 quam
648 285 764 320 perpessi
777 289 837 311 sunt
849 283 874 310 in
888 283 1031 318 Babylone.

243 333 306 359 Nam
321 337 347 360 et
363 332 430 359 hanc
444 336 566 358 accurate
585 331 742 365 prtctlixerat
763 329 890 356 Jcremias
905 349 912 360 ,
935 329 970 355 ita
992 328 1032 354 lo-

241 385 326 410 quens
341 387 348 404 :
365 376 408 404 Sic
421 377 456 402 ait
473 376 596 402 Dominus
611 383 618 402 :
638 380 770 410 pastquam
783 373 880 407 impleti
900 373 993 408 fuerint
1007 373 1032 398 in

243 422 371 458 Babylone
383 423 539 457 septuaginta
555 423 615 448 anni
624 442 631 453 ,
645 421 748 448 visitabo
764 429 816 452 vos,
833 425 854 446 ct
869 428 960 454 ponam
974 427 1033 454 erga

241 478 282 496 vos
296 469 368 495 verba
381 477 436 495 mea
451 468 523 500 bona,
539 473 566 494 ut
579 467 687 494 redeatis
703 467 727 493 in
743 466 824 492 locum
838 466 904 492 hunc
919 465 928 499 (
936 464 1031 491 .lerem.

241 514 284 541 99.
296 513 346 550 10)
363 523 369 540 :
385 518 408 540 et
420 519 561 540 convertam
574 513 740 547 captivitatem
754 517 859 538 vestram
871 531 877 542 ,
893 515 915 536 et
927 518 1032 544 congre-

241 559 305 594 gabo
319 567 362 586 cos
373 567 404 586 etc
416 559 531 585 omnibus
541 558 664 593 gentibus,
677 562 699 584 ct
713 565 744 583 cr
755 556 848 582 ctmctis
860 555 921 582 locis
934 556 959 580 in
971 564 1033 589 quos

241 606 348 640 dispersi
362 613 404 632 vos
415 625 422 636 τ
434 605 494 632 dicit
509 604 633 631 Dominus
646 624 652 636 ,
669 607 691 630 et
703 607 843 629 convertam
856 609 898 628 vos
912 601 937 627 in
950 602 1033 628 locant

240 645 308 678 unde
320 659 363 678 vos
374 651 513 685 demigrare
525 650 572 685 feci
585 649 672 684 (Ibid.
688 659 715 677 v.
728 648 791 683 14).
806 648 885 675 Vides
900 653 926 674 ut
941 655 1032 675 rursus

243 696 286 723 hic
299 701 326 724 et
337 696 471 724 civitatem
484 695 655 730 expresserit,
664 700 690 722 et
701 702 829 721 annorum
844 701 994 724 numerum,
1006 697 1034 719 et

243 741 313 769 unde
328 746 420 776 etquo
439 745 509 768 esset
530 740 588 767 illns
611 740 841 775 congregatur-us?
862 739 923 766 Ideo
940 738 1032 765 Daniel

243 794 296 815 non
309 777 382 820 prius
396 793 475 820 super
490 785 530 812 his
543 786 645 820 rogavit
661 785 816 817 Dominum,
831 792 909 819 quam
923 783 1034 811 vidisset

243 840 312 858 anno
323 831 486 866 septuaginta
500 831 656 865 completos.
671 830 736 863 Quis
748 831 804 856 haec
816 829 900 856 dicit?
912 829 969 864 Ipse
984 829 1033 856 Da-

244 878 295 905 n.el
310 879 345 905 ita
360 878 470 912 loquens
484 886 490 903 :
507 877 540 903 Et
551 886 597 912 ego
612 877 701 903 Daniel
715 877 836 911 faciebant
850 884 926 911 opera
941 875 1014 910 Regis
1024 896 1031 908 ,

244 929 265 949 et
283 923 427 950 admirabar
440 923 560 950 visionem
572 943 579 955 ,
596 931 640 950 nec
658 928 710 949 erat
727 922 768 957 qui
783 922 931 956 intelligeret
946 920 1030 956 (Dan.

244 971 269 997 8.
283 969 334 1005 27)
351 978 357 996 :
374 975 396 996 et
408 969 520 996 intellexi
532 969 558 995 in
574 969 642 995 libris
655 977 784 995 numerum
798 976 932 999 annorum.
945 973 971 994 ut
985 968 1033 1002 fuit

245 1023 324 1042 sermo
334 1014 438 1041 Domini
451 1013 485 1041 ad
497 1014 633 1041 Jeremiam
645 1015 792 1049 prophetam
800 1036 806 1046 ,
822 1014 856 1040 ad
868 1013 1033 1049 empletionem

244 1060 405 1087 desolationis
423 1059 587 1095 Jerosolymaa
604 1060 665 1086 anni
682 1060 840 1095 septuaginta
853 1067 863 1086 :
876 1064 899 1086 et
917 1059 976 1086 dedi
994 1061 1033 1095 fa-

243 1107 305 1132 ciem
315 1105 348 1132 ad
361 1105 495 1132 Dominum
506 1105 588 1132 Deum
602 1113 694 1138 meum,
708 1109 735 1131 ut
746 1106 900 1140 exquirerem
910 1105 1034 1140 precatio-

242 1160 299 1178 nem
312 1155 334 1178 et
348 1151 540 1178 obsecrationem
551 1151 577 1177 in
585 1151 686 1185 jejunio
696 1171 703 1183 ,
715 1158 786 1177 sacco
796 1171 803 1183 ,
819 1155 840 1177 et
853 1151 935 1177 cinere
946 1149 955 1186 (
966 1149 1031 1176 Ibid.

243 1198 268 1225 9.
282 1198 310 1225 2.
322 1199 339 1225 5
351 1198 372 1232 ).
387 1198 489 1225 Audisti
502 1197 724 1233 quemadmodum
735 1197 792 1224 inec
803 1204 909 1232 quoque
921 1196 1032 1232 captivi—

244 1251 283 1271 tas
293 1244 418 1279 praedicta
430 1244 517 1278 ftteril,
528 1249 554 1271 et
562 1243 688 1279 propheta
698 1250 750 1270 non
762 1249 842 1270 ausus
852 1242 929 1270 fuerit
941 1249 1032 1277 preces

241 1295 270 1318 et
290 1290 507 1325 supplicationem
529 1289 673 1316 admovere
690 1289 744 1315 Deo
763 1292 825 1315 ante
846 1292 951 1322 tempus
963 1295 1032 1321 prte-

244 1336 354 1368 linitom,
368 1343 400 1363 ne
414 1335 509 1363 frustra
520 1340 674 1370 temereque
686 1333 826 1367 accedens,
838 1333 951 1366 audiret,
963 1332 1033 1367 quod

243 1381 344 1409 audivit
357 1382 488 1409 Jcrcmias
504 1390 510 1408 :
527 1381 568 1408 Ne
582 1381 707 1416 rogaveris
718 1388 763 1415 pro
776 1380 870 1415 populo
884 1379 941 1412 hoc,
954 1387 1034 1414 neque

243 1427 376 1462 postulari:
390 1435 436 1461 pro
449 1427 499 1454 illis
515 1434 524 1454 :
536 1427 655 1462 quoniam
669 1434 719 1452 non
735 1425 868 1452 exaudiam
883 1429 905 1452 te
918 1424 1033 1458 (Jcrem.

244 1475 286 1501 H.
302 1474 344 1501 ll.
359 1473 416 1507 12).
427 1472 524 1500 Verum
538 1473 582 1500 ubi
599 1472 663 1499 vidit
673 1472 825 1499 vaticinium
841 1479 900 1498 esse
913 1471 1031 1505 comple-

243 1525 296 1546 tutu
308 1541 316 1552 ,
329 1519 461 1553 simulque
477 1524 579 1553 tempus
590 1525 684 1544 voer
698 1517 729 1544 ad
746 1517 870 1548 reditum,
887 1520 948 1543 tunc
962 1519 1032 1547 orat,

244 1572 293 1592 nec
311 1564 485 1599 simpliciter,
503 1563 549 1590 scd
569 1563 595 1590 in
611 1562 729 1597 jejunio,
750 1568 827 1588 sacco
841 1565 868 1588 et
882 1561 972 1588 cinere
987 1569 992 1586 :
1008 1565 1032 1586 et

242 1610 312 1645 quod
331 1610 356 1637 in
369 1610 504 1637 hominum
517 1609 635 1636 moribus
648 1608 756 1636 evenire
769 1608 846 1639 solet,
859 1606 884 1634 id
900 1607 963 1634 iecit
972 1614 1033 1640 erga

243 1656 337 1682 l‘veum.
354 1655 407 1682 Nos
419 1655 489 1682 enim
508 1662 568 1682 cum
579 1654 699 1681 videmus
716 1654 818 1687 aliquos
830 1673 836 1685 ,
860 1653 904 1687 qui
922 1651 1034 1679 famulos

243 1706 302 1736 post
317 1701 397 1728 multa
417 1701 559 1735 graviaque
578 1699 719 1727 commissa
740 1699 912 1732 conjcccrunt
930 1697 955 1724 in
975 1697 1032 1724 vin-

243 1747 313 1779 cula,
328 1754 379 1773 nntt
396 1746 516 1780 protinus
531 1745 556 1771 in
571 1744 702 1780 principio
715 1744 877 1778 exordioquc
891 1743 1035 1778 punitionis

243 1792 416 1819 admovemus
429 1790 649 1826 supplicationem
666 1798 672 1816 :
689 1789 734 1817 sed
749 1789 792 1816 ubi
807 1789 962 1816 sciverimus
975 1789 1035 1816 illos

244 1837 344 1872 aliquot
363 1836 421 1864 dies
441 1835 643 1870 tcmperntiorcs
656 1842 715 1862 esse
736 1834 834 1867 factos,
849 1838 912 1861 tunc
930 1834 1036 1861 adimus

246 1883 345 1915 heros,
366 1882 435 1908 nacti
453 1881 507 1915 jam
527 1885 554 1908 et
572 1880 604 1907 ab
620 1881 676 1915 ipso
693 1885 811 1915 tempore
829 1880 965 1907 auxilium.
980 1880 1035 1906 Hoc

245 1936 310 1956 sane
327 1932 355 1956 et
374 1927 501 1961 propheta
519 1926 589 1953 fecit.
608 1927 750 1961 Postquam
764 1927 834 1953 enim
850 1934 940 1961 pmnas
953 1926 1035 1953 dedc—

246 1979 305 2002 rant
315 1996 321 2006 ,
337 1974 538 2008 haudquaquam
553 1973 647 2007 digitus
663 1973 785 2000 admissis
798 1993 805 2005 ,
820 1977 936 1999 attamen
953 1973 1034 1999 dede-

247 2025 323 2052 rant;
339 2021 389 2055 iam
403 2020 458 2046 adit
472 2020 623 2054 Deum,pro
638 2019 688 2046 illis
695 2018 775 2046 verba
791 2018 917 2045 facturus.
931 2017 1005 2050 Quod
1014 2017 1035 2044 si

247 2066 361 2098 videtur,
377 2066 460 2100 ipsam
481 2065 560 2092 etiam
581 2064 794 2100 deprecationem
809 2063 955 2090 audiamus.
971 2061 1036 2090 Con-

247 2114 328 2148 fessus
345 2120 400 2139 sum
417 2114 498 2141 enim,
515 2111 607 2145 inquit.
623 2116 644 2137 et
662 2111 726 2140 dixi.
747 2110 854 2136 Domine
865 2109 933 2136 Deus
948 2117 1038 2144 magne

246 2164 271 2186 et
284 2157 447 2189 admirabilis,
463 2158 505 2192 qui
517 2165 601 2183 servas
615 2164 713 2191 pactum
725 2160 795 2182 tuum
808 2160 829 2181 et
841 2155 1038 2182 misericordium

248 2210 316 2231 tuam
327 2203 358 2229 iis
367 2224 373 2234 ,
389 2203 431 2237 qui
445 2207 468 2229 te
477 2202 594 2237 diligunt,
608 2207 629 2228 et
644 2206 742 2228 servant
754 2205 877 2235 prtecepta
891 2205 933 2226 tua
949 2201 957 2234 (
970 2199 1036 2227 Dan.

249 2249 274 2277 9.
292 2249 309 2276 ιι
322 2248 342 2284 ).
357 2247 424 2281 Quid
440 2247 515 2279 facis,
531 2254 546 2271 ο
563 2245 674 2273 Daniel?
690 2246 740 2272 Pro
756 2245 906 2271 hominibus
920 2245 963 2280 qni
978 2252 1037 2279 pec-

246 2299 337 2322 carunt
354 2298 380 2321 et
394 2293 560 2320 offenderunt
574 2291 756 2324 intercedens,
769 2297 861 2317 eorum
876 2291 1037 2318 memimem

249 2341 314 2369 iacis
326 2340 370 2375 qui
385 2339 456 2373 leges
468 2338 538 2366 illius
551 2336 743 2365 servaverunt?
759 2336 863 2370 Ergone
876 2336 946 2371 digni
963 2337 1037 2363 \‘enia

247 2392 309 2415 sunt
322 2386 367 2420 qui
383 2389 512 2420 prmcepla
526 2385 596 2411 illius
608 2384 723 2411 violant?
738 2383 796 2410 Non
811 2383 844 2410 ob
855 2383 919 2410 istos
932 2383 986 2410 lucc
998 2383 1038 2411 lo-

247 2440 330 2467 quor.
345 2431 445 2465 inquit,
460 2429 507 2458 sed
522 2430 557 2457 ob
571 2429 666 2456 horum
687 2429 884 2464 progenitores,
904 2429 938 2456 ob
955 2429 1039 2456 Abra-

246 2478 319 2509 ham,
333 2476 367 2504 ob
380 2476 460 2507 Isaac.
476 2475 510 2502 ob
522 2475 613 2502 Jacob.
628 2475 683 2502 Illis
697 2475 826 2509 promisit,
842 2474 894 2502 illis
909 2475 1040 2510 pollicitus

245 2528 286 2551 est
300 2523 379 2553 Dens,
390 2522 433 2555 qui
444 2525 574 2556 prmcepta
586 2521 655 2548 illius
665 2525 846 2548 servaverunt.
855 2520 983 2553 Quoniam
993 2521 1041 2555 igi-

245 2574 285 2595 tur
298 2567 324 2593 lti
334 2567 405 2594 nullo
414 2567 475 2601 jure
487 2570 595 2600 possunt
604 2571 693 2602 petere
702 2567 824 2600 salutem,
834 2566 932 2594 idcirco
947 2574 982 2601 pr.
993 2574 1040 2601 ge—

247 2614 364 2640 nitorum
380 2613 541 2640 mentionem
558 2611 642 2645 facio;
657 2619 688 2639 ac
704 2620 736 2639 ne
749 2617 856 2647 putares
867 2612 937 2647 quod
953 2613 986 2640 de
1001 2613 1041 2640 his

247 2659 325 2686 verba
337 2659 445 2691 faceret,
453 2666 512 2685 cum
522 2658 670 2692 adiecisset,
681 2658 729 2691 Qui
739 2667 823 2686 servas
830 2663 931 2694 pactum
940 2663 1008 2685 tuum
1018 2665 1041 2685 el

245 2705 444 2731 misericordiam
451 2709 519 2730 luant
525 2703 682 2739 diligentibus
692 2709 724 2736 te,
732 2709 753 2731 et
759 2705 912 2731 servantibus
919 2709 1043 2740 prwcepIa

247 2754 289 2776 tua
300 2758 309 2777 :
320 2758 381 2778 mox
396 2750 512 2785 subjicit,
528 2749 690 2778 Peccavimus
700 2772 707 2784 ,
718 2751 802 2786 inique
814 2751 925 2786 egimus;
938 2751 1041 2785 injusti-

248 2796 307 2821 :inm
320 2797 523 2830 perpelraoimus,
534 2796 603 2831 impii
616 2797 722 2831 fuimus,
732 2796 878 2830 deﬂevimus
888 2804 903 2821 tt
914 2796 1043 2830 proneptis

251 2841 301 2868 luis
318 2847 342 2869 ct
353 2842 480 2876 ajudiriis
492 2843 615 2871 tuismon
631 2843 823 2870 ansrultuvinnm
836 2843 912 2872 trrvis
923 2842 971 2872 tuis
985 2851 1042 2871 vro-

613 137 641 166 ε.
661 135 800 165 JOANNIS
818 130 1051 161 CllltYSOSTOMl
1073 129 1230 158 MtClllEP.
1251 132 1520 162 CONSTANTINOP.

1836 136 1893 163 89‘?

1089 189 1170 222 phetis
1191 190 1200 225 (
1215 187 1280 216 Dan.
1296 189 1322 218 9.
1336 190 1383 226 5).
1402 190 1460 219 Una
1478 190 1609 226 siquidem
1630 191 1739 227 solaque
1759 194 1891 227 purgatio

1086 236 1272 269 peccatoribus
1286 236 1386 272 reliqua
1399 241 1440 265 est
1453 242 1513 272 post
1527 242 1645 272 peccata,
1660 238 1783 265 videlicet
1795 242 1825 264 ut
1838 246 1890 264 sua

1088 281 1230 309 commissa
1241 282 1425 310 conﬁteantur.
1435 284 1474 311 Tu
1483 291 1547 311 vero
1559 284 1622 310 mihi
1633 284 1771 311 considera
1781 284 1898 318 ctjustt;

1088 327 1210 355 virtutem
1221 349 1228 360 ,
1247 334 1273 356 et
1290 329 1440 357 Judzcornm
1462 331 1668 365 improbitatem.
1682 331 1747 358 Nam
1763 332 1808 359 ille
1822 310 1901 366 ίμιί-ι

1087 374 1147 401 dctn
1169 374 1265 401 nullius
1284 376 1345 402 mali
1366 377 1415 402 sibi
1436 377 1576 408 conscius,
1591 377 1708 411 seipsum
1724 378 1806 404 multa
1820 385 1890 404 cuin

1086 421 1240 447 austeritate
1256 421 1379 455 damnat,
1394 421 1485 450 dicens
1500 431 1507 449 :
1523 421 1686 449 Peccavimus
1696 444 1703 456 ,
1719 423 1805 456 inique
1819 423 1896 458 feci-

1087 474 1161 498 mus,
1177 467 1326 501 injustitiam
1345 469 1561 503 perpetravimus;
1580 469 1605 495 bi
1621 476 1683 496 \ero
1704 469 1780 496 mali~
1803 470 1892 497 iun'x-

1088 513 1166 539 meris
1181 512 1251 547 pleni
1265 532 1273 545 ,
1294 518 1386 546 contra
1404 514 1542 547 fecerunt,
1562 514 1701 542 dicentes:
1718 515 1891 542 Seruaninms

1087 563 1212 592 prterepta
1225 563 1268 584 tua
1280 566 1289 586 :
1302 564 1324 585 et
1339 567 1405 585 nunc
1423 559 1506 586 beatos
1516 560 1623 586 dicimus
1635 560 1738 590 alienas.
1754 566 1777 587 et
1791 562 1890 588 retudi-

1087 602 1197 636 ﬁcantur
1206 603 1249 638 qui
1259 608 1358 638 patron:
1371 605 1525 640 iniquitatem
1538 605 1613 641 (Mal.
1625 607 1651 633 5.
1663 607 1704 633 Η.
1718 607 1769 642 l5).
1781 608 1890 640 Quem-

1087 648 1229 675 admodum
1241 649 1311 676 euim
1327 650 1413 677 solent
1430 651 1496 685 justi
1512 655 1570 686 post
1587 651 1657 686 jnsta
1673 651 1740 679 facta
1759 653 1890 681 modeste

1089 700 1168 728 agere
1180 715 1186 725 ,
1208 694 1243 720 ita
1266 695 1352 722 Solent
1370 695 1430 722 mali
1451 701 1508 730 post
1526 696 1641 724 admissa
1654 697 1754 724 scelera
1770 698 1889 726 laudare

1087 745 1157 766 sese.
1173 739 1221 773 Qui
1237 740 1335 767 nullius
1353 741 1452 774 pecvati
1467 741 1516 768 sibi
1529 744 1651 769 conscius
1666 747 1737 773 erat,
1752 742 1863 770 dicebat
1879 753 1886 771 :

1087 784 1252 819 iniquitatem
1265 785 1384 818 fecimus,
1393 784 1549 813 defleximus
1557 794 1571 813 a
1583 788 1722 822 praeceptis
1734 788 1802 819 tuis;
1813 795 1887 815 con-

1088 834 1143 863 Ira,
1159 830 1202 865 qui
1218 830 1449 858 innumerabilium
1467 831 1535 859 fat-iu
1548 840 1612 859 .rum
1628 833 1885 867 sibiconsciierant,

1087 874 1225 902 dicebant:
1240 872 1397 900 servavimus
1412 879 1543 907 praerepta
1553 879 1610 901 tua.
1628 879 1713 912 Atque
1724 878 1780 905 hznc
1793 887 1828 906 eo
1843 879 1886 907 ιο.

1086 927 1163 955 quor,
1178 925 1207 947 ut
1218 921 1333 948 alterum
1348 922 1473 955 vitemus,
1486 922 1600 955 alterum
1613 922 1755 950 imitemur.

1122 966 1147 994 6.
1165 966 1214 994 Dei
1234 967 1297 994 ultio
1309 967 1336 994 in
1354 967 1469 994 Judrros.
1485 983 1520 992 -ι-
1533 968 1596 995 Post
1611 969 1667 996 hate
1678 969 1801 1003 quoniam
1818 971 1887 998 atti-

1086 1016 1160 1047 gerat
1173 1012 1276 1039 illorum
1290 1017 1396 1047 peccata
1411 1033 1418 1045 ,
1440 1018 1528 1040 narrat
1543 1018 1570 1041 et
1585 1021 1690 1048 poenam
1705 1022 1783 1049 quam
1797 1015 1885 1042 dede-

1087 1062 1158 1090 runt,
1172 1063 1199 1085 et
1212 1066 1244 1085 ex
1260 1059 1310 1086 hoc
1325 1059 1407 1086 Deum
1421 1059 1454 1086 ad
1470 1060 1678 1087 misericordiam
1693 1068 1821 1089 revocare
1834 1070 1886 1089 m-

1088 1103 1163 1137 pions
1174 1104 1211 1130 ait
1223 1113 1229 1130 :
1244 1103 1276 1130 Et
1287 1105 1352 1130 venit
1365 1113 1440 1139 super
1454 1113 1500 1132 nos
1513 1105 1662 1138 maledictio,
1678 1115 1734 1141 quia
1743 1107 1839 1141 scripta
1848 1111 1888 1134 est

1086 1148 1113 1174 in
1127 1147 1180 1183 lege
1193 1149 1273 1176 Mosis
1287 1150 1350 1176 servi
1365 1149 1414 1176 Dei
1423 1170 1429 1182 ,
1444 1150 1503 1184 quia
1518 1152 1683 1184 peccauimus.
1699 1152 1828 1185 Quasnam
1842 1158 1887 1180 est

1087 1194 1136 1221 ista
1147 1195 1295 1221 exsecratio
1304 1195 1316 1221 ἵ
1330 1195 1449 1223 Vultisne
1463 1195 1582 1230 legamus
1596 1197 1686 1224 illam?
1700 1197 1759 1224 Nisi
1772 1199 1887 1225 servieri-

1091 1241 1132 1272 tis,
1145 1240 1239 1274 inquit,
1257 1239 1365 1267 Domino
1378 1240 1431 1267 Deo
1442 1246 1533 1274 vestro,
1545 1242 1664 1268 inducam
1679 1251 1753 1278 super
1764 1251 1808 1270 vos
1819 1252 1887 1279 gen-

1088 1290 1135 1312 tem
1146 1285 1326 1320 impudentem,
1340 1291 1362 1312 et
1376 1294 1426 1313 non
1435 1286 1602 1322 intelligentes
1610 1295 1694 1315 vocem
1706 1288 1785 1321 illius,
1797 1294 1822 1315 et
1832 1290 1887 1316 eri-

1089 1332 1121 1358 tis
1135 1339 1238 1358 numero
1253 1331 1329 1366 pauci
1343 1330 1437 1368 (Deut.
1449 1331 1496 1359 28.
1508 1332 1552 1360 49.
1565 1333 1626 1368 50).
1642 1333 1698 1360 Hoc
1710 1333 1779 1361 idem
1793 1334 1887 1361 decla-

1087 1381 1176 1404 rantes
1196 1381 1250 1404 tres
1265 1377 1301 1404 illi
1322 1377 1416 1412 pueri,
1438 1377 1577 1412 palamque
1596 1378 1723 1406 facientes
1737 1401 1744 1412 ,
1763 1379 1834 1414 qttod
1849 1380 1888 1407 ob

1088 1422 1205 1455 ipsorum
1221 1426 1328 1456 peccata
1350 1422 1489 1450 accidisset
1511 1423 1560 1450 hoc
1581 1423 1704 1451 vindicta
1725 1431 1809 1458 genus
1824 1445 1832 1457 ,
1858 1430 1888 1452 et

1088 1467 1137 1502 ipsi
1153 1475 1201 1502 pro
1213 1468 1398 1495 communibus
1411 1469 1526 1503 peccatis
1539 1469 1734 1497 confessionem
1749 1471 1803 1497 Deo
1817 1479 1886 1506 pro-

1089 1512 1202 1540 lercntcs
1222 1512 1346 1540 dicebant
1363 1522 1369 1540 :
1386 1513 1524 1541 Tradidiin
1545 1523 1591 1543 nos
1612 1515 1639 1542 in
1660 1524 1750 1542 ntanus
1769 1518 1886 1544 hostium

1088 1559 1233 1593 impiorum,
1248 1559 1477 1586 inimicissimorum
1491 1560 1644 1587 desertorum
1656 1581 1664 1594 ,
1679 1568 1709 1587 ac
1722 1561 1773 1596 regi
1786 1561 1886 1597 injuste

1090 1610 1115 1632 et
1127 1604 1318 1632 sceleratissimo
1341 1604 1408 1631 ultra
1420 1613 1519 1632 omnem
1533 1611 1624 1632 (errant
1640 1606 1701 1642 (lit.
1718 1615 1751 1634 sv.
1765 1607 1823 1643 52).
1838 1608 1887 1635 Vi-

1092 1651 1149 1684 des,
1164 1651 1322 1686 completam
1335 1657 1395 1678 esse
1409 1651 1621 1678 maledictionem
1632 1660 1692 1686 qua:
1705 1653 1768 1680 dicit
1782 1663 1789 1680 :
1806 1653 1888 1683 Eritis

1088 1704 1192 1723 numero
1203 1697 1286 1731 pauci.
1299 1696 1400 1723 Rursus
1408 1696 1479 1731 quod
1490 1697 1554 1723 dicit
1568 1705 1574 1724 :
1587 1697 1717 1724 Adducunt
1727 1698 1753 1725 in
1768 1707 1810 1726 uos
1820 1708 1887 1734 gen-

1089 1746 1137 1768 tem
1151 1741 1321 1776 impudentem
1333 1761 1340 1774 ,
1362 1741 1475 1775 idipsum
1489 1746 1516 1768 et
1531 1742 1622 1769 Daniel
1638 1743 1680 1770 hic
1694 1747 1767 1771 recte
1781 1745 1887 1779 signino

1089 1794 1163 1820 cans,
1180 1787 1243 1814 dicit
1257 1795 1263 1812 :
1280 1786 1407 1813 Venerunt
1422 1795 1497 1821 super
1509 1795 1554 1814 nos
1567 1788 1644 1819 mala,
1659 1789 1745 1823 qualia
1758 1798 1807 1816 nan
1821 1792 1886 1818 aceti

1089 1833 1177 1859 derunt
1190 1832 1236 1859 sub
1249 1831 1317 1858 omni
1327 1832 1388 1858 caelo
1399 1852 1406 1862 .
1421 1831 1558 1858 secundum
1579 1841 1608 1858 ea
1622 1841 1678 1866 qua:
1696 1835 1765 1869 facta
1783 1841 1843 1862 sunt
1859 1837 1887 1863 in

1089 1878 1102 1904 I
1107 1878 1184 1906 smel.
1188 1877 1253 1911 Quae
1260 1878 1365 1905 tandem
1375 1879 1440 1904 ista?
1449 1877 1473 1904 Μ
1477 1882 1542 1905 utres
1551 1878 1640 1906 liberos
1646 1887 1706 1907 suos
1711 1882 1884 1917 comederunt,

1089 1928 1116 1951 ct
1127 1924 1176 1951 luvc
1187 1931 1250 1950 sane
1262 1924 1380 1957 prmdicit
1389 1924 1485 1956 Moses,
1497 1930 1621 1951 cmtcrum
1629 1925 1758 1953 Jeremias
1767 1929 1887 1956 ostendit

1089 1970 1220 1997 evenisse.
1230 1969 1274 1995 Ille
1285 1969 1391 2004 quidem
1406 1969 1523 2003 loquitur
1534 1978 1540 1996 :
1552 1969 1647 1997 Tenera
1658 1979 1688 1998 ac
1697 1972 1825 2006 deliciosa,
1837 1982 1884 2000 cu-

1084 2017 1129 2051 jus
1140 2023 1188 2042 non
1202 2016 1266 2050 cepit
1279 2014 1456 2050 experientiam
1471 2022 1513 2048 pec
1527 2016 1581 2049 ejus
1592 2035 1599 2048 ,
1615 2022 1641 2042 ut
1654 2016 1776 2044 insisteret
1794 2018 1822 2045 in
1840 2028 1885 2046 re-

1091 2061 1164 2096 stigio
1176 2064 1278 2096 propter
1292 2059 1483 2086 teneritudinem
1495 2068 1525 2085 ac
1534 2060 1648 2094 delicias,
1663 2063 1767 2097 attinget
1779 2064 1886 2098 impiar-

1090 2116 1201 2134 mensam
1211 2127 1218 2139 ,
1243 2111 1266 2133 et
1289 2114 1347 2134 suos
1369 2105 1449 2141 ipsius
1463 2105 1529 2141 ﬁlios
1543 2108 1652 2134 comedet
1680 2107 1742 2142 (1d.
1758 2110 1802 2137 28.
1817 2111 1852 2138 56
1862 2112 1886 2147 ).

1090 2153 1218 2181 Jt-retnias
1230 2157 1317 2179 autem
1327 2151 1444 2178 declarat
1455 2151 1505 2178 hoc
1518 2153 1648 2186 evenisse,
1661 2154 1751 2181 dicens
1764 2164 1770 2182 :
1791 2155 1887 2185 Minius

1091 2201 1224 2226 mulierum
1233 2198 1441 2226 misericordium
1447 2203 1571 2225 cus-erunt
1576 2198 1595 2232 ﬁ
1599 2198 1726 2235 liassuos(
1730 2201 1884 2238 Thr.4.10).

1091 2245 1254 2280 Quamquam
1270 2249 1358 2271 autem
1376 2249 1482 2277 peccata
1499 2243 1619 2276 illorum,
1632 2245 1675 2279 qui
1691 2254 1882 2282 peccaverant,

1091 2291 1230 2325 eloquutus
1241 2294 1321 2322 esset,
1331 2294 1356 2316 et
1367 2289 1494 2316 ulti0nem
1506 2289 1531 2316 in
1543 2290 1659 2318 medium
1670 2292 1839 2322 adduxisset:
1852 2304 1885 2324 ne

1091 2336 1130 2363 sic
1152 2336 1258 2371 quidem
1282 2336 1341 2362 illos
1367 2335 1460 2362 horum
1481 2343 1559 2362 causa
1584 2342 1659 2372 rogat
1681 2343 1708 2365 ut
1733 2347 1883 2368 serventur.

1093 2383 1158 2411 Vide
1177 2384 1256 2419 igitur
1275 2382 1419 2410 bonitatem
1442 2382 1545 2410 famuli.
1561 2383 1695 2418 Siquidem
1711 2385 1753 2413 hic
1766 2394 1825 2414 cum
1839 2396 1882 2416 ost

1093 2430 1232 2461 tendisset,
1241 2428 1310 2464 quod
1325 2428 1440 2456 nondum
1452 2429 1530 2464 digna
1543 2431 1643 2458 meritis
1654 2437 1742 2459 essent
1755 2435 1884 2469 perpessi.

1092 2483 1142 2503 nec
1154 2476 1185 2502 iis
1198 2496 1205 2509 ,
1225 2482 1284 2510 qua
1299 2475 1381 2501 mulla
1396 2475 1458 2502 lit-et
1477 2476 1657 2509 pertulerant,
1671 2478 1813 2506 solvissent
1827 2488 1888 2515 qum

1093 2530 1141 2557 pro
1155 2521 1303 2548 commissis
1317 2520 1469 2554 debebant,
1485 2528 1545 2548 mox
1559 2523 1677 2558 etaufugit
1695 2524 1727 2551 ad
1744 2524 1789 2552 Dei
1805 2526 1889 2554 mise-

1094 2568 1234 2595 ricordiam
1247 2589 1254 2601 ,
1268 2573 1295 2596 et
1313 2569 1345 2595 ad
1359 2570 1462 2596 solitam
1482 2569 1553 2597 illius
1567 2570 1709 2598 bonitatem
1728 2579 1790 2608 erga
1803 2580 1889 2608 genus

1083 2614 1238 2641 'humanum
1254 2635 1260 2645 ,
1277 2614 1387 2641 dicens:
1403 2614 1437 2641 Et
1451 2623 1516 2642 nunc
1531 2615 1640 2642 Domine
1661 2616 1726 2644 Deus
1738 2624 1831 2651 noster,
1847 2619 1890 2654 qui

1094 2660 1202 2687 eduxisli
1214 2661 1334 2695 populum
1347 2666 1416 2687 tuum
1429 2670 1442 2688 e
1453 2667 1519 2688 terra
1532 2661 1641 2697 Αἲξ]ῃωὶ
1653 2668 1675 2688 et
1690 2663 1769 2697 fecisti
1783 2664 1826 2689 tibi
1841 2673 1889 2690 no-

1095 2714 1150 2732 men
1163 2726 1170 2737 ,
1187 2710 1212 2732 ut
1225 2706 1265 2732 hic
1278 2712 1312 2733 est
1328 2706 1381 2732 dics
1395 2728 1402 2739 ,
1420 2708 1577 2740 peccavimus
1590 2729 1596 2741 ,
1613 2708 1769 2742 iniquitatem
1784 2709 1891 2742 fecimus

1095 2752 1104 2785 (
1117 2751 1183 2778 Dan.
1206 2751 1232 2779 9.
1255 2752 1311 2786 15).
1325 2751 1390 2779 Nam
1406 2752 1627 2787 quemadmodum
1645 2754 1714 2785 illos,
1727 2753 1822 2788 inquit,
1837 2762 1892 2781 non

1095 2805 1129 2825 ex
1141 2798 1258 2832 ipsorum
1274 2797 1420 2825 benefactis
1435 2799 1522 2826 salvos
1536 2799 1620 2826 fecisti
1634 2821 1641 2832 ,
1657 2799 1702 2827 sed
1716 2799 1893 2828 afﬂictiOuem

1098 2843 1201 2878 “deus,
1217 2847 1244 2870 ct
1256 2845 1401 2880 angustias,
1413 2849 1440 2873 et
1451 2845 1593 2874 clamorem
1610 2847 1712 2878 illorum
1725 2845 1892 2877 exaudiens;
