2043 3116
169 156 222 185 893

165 219 203 239 sic
218 215 246 239 et
261 218 309 239 nos
328 210 409 239 libera
427 218 440 238 a
455 211 630 246 prwsentibus
651 210 727 238 malis
745 215 854 246 propter
870 210 953 237 solam

165 257 311 284 bonitatem
325 262 396 284 luam
406 265 467 292 erga
478 265 561 292 genus
572 257 719 284 hominum.
739 255 804 283 Nam
817 255 889 283 aliud
902 255 956 282 nul-

166 303 218 329 lum
232 302 361 330 habemus
382 303 424 337 jus
446 302 584 337 sperandae
605 302 706 339 salutis.
727 302 790 329 Haec
811 301 954 336 loquutus,

166 348 301 382 multique
320 347 498 379 lamentatus,
519 355 579 374 mox
596 347 697 374 inducit
718 347 801 381 ip=am
822 345 956 372 civitatem

165 401 215 421 ceu
231 393 369 421 mulierem
382 393 497 428 aliquam
510 393 639 428 captivam
652 413 660 426 ,
676 397 702 419 et
716 392 754 419 ait
769 401 776 418 :
794 391 904 418 Ostende
917 390 958 425 fa-

166 441 229 466 ciem
239 443 308 467 tuam
317 447 392 474 super
401 439 572 466 sanctuarium
580 443 659 471 tuum,
668 438 762 465 inclina
774 445 861 464 aurem
875 442 955 469 tuam,

169 485 236 512 Deus
246 493 314 512 meus
328 490 352 511 et
365 485 435 518 andi,
449 485 520 520 aperi
533 485 618 511 oculos
631 488 697 516 tuos,
714 488 738 511 et
750 483 807 511 vide
829 482 958 510 interitum

167 535 280 557 nostrum
297 529 451 564 civitatisque
468 534 533 560 tum,
546 530 572 556 in
591 537 642 564 qua
660 529 802 556 invocatum
814 533 850 555 est
869 535 958 554 nomen

167 580 237 601 tuum
251 580 366 602 sanctum
378 575 388 610 (
401 575 468 601 Dan.
482 575 508 602 9.
522 575 564 602 l7.
582 575 614 602 18
626 574 645 610 ).
659 574 833 608 Posteaquam
846 573 959 600 circum-

167 620 266 654 spectis
284 620 433 648 hominibus
449 620 583 647 neminem
599 619 683 652 vidit,
699 619 742 654 qui
766 622 857 654 posset
877 618 958 645 Deum

168 667 281 695 reddere
296 667 439 702 propitium
454 675 460 694 :
475 666 507 694 ad
523 666 634 693 rediﬁcia
647 665 774 700 confugit,
788 669 814 692 et
826 664 958 691 civitatem

170 712 252 746 ipsam
267 712 357 746 objicit
370 733 377 744 ,
390 712 499 747 ejusque
512 711 707 739 desolationem
723 710 795 745 ponit
808 709 842 736 ob
856 709 958 742 oculos,

169 763 248 793 atque
261 758 286 784 in
301 758 341 785 his
357 757 429 785 ﬁnito
442 765 566 785 sermone
577 778 584 790 ,
599 757 680 784 Deum
699 757 840 791 propitium
862 755 959 783 reddit.

171 803 197 830 Id
213 803 429 839 perspicuumest
437 811 470 832 ex
483 803 515 831 iis
531 810 590 838 qua:
609 806 766 837 sequuntur.
778 801 875 829 Verum
890 800 960 836 quod

169 849 290 877 dicebam
307 858 313 876 :
329 853 434 884 oportet
448 849 518 876 enim
537 848 570 876 ad
591 848 617 876 id
637 848 707 883 quod
722 852 780 875 erat
796 847 960 882 propositum

170 894 266 922 reverti
276 903 283 927 ;
293 894 390 922 ctenim
402 894 459 922 hzec
471 894 557 921 obiter
570 893 705 928 interjecta
714 897 787 926 sunt,
799 901 850 920 non
862 893 960 919 frustra

171 946 256 974 neque
275 945 375 967 temere
387 960 394 972 ,
410 939 457 967 sed
479 944 507 966 ut
527 939 630 966 animos
648 943 751 966 vestros
771 938 961 973 aliquantisper

170 983 347 1012 refocillarem
366 992 398 1012 ex
414 984 549 1019 perpetuis
563 983 777 1011 contentionibus
793 983 960 1018 defatigatus.

171 1031 226 1064 Age
241 1029 380 1057 redeamus
394 1030 474 1064 igitur
486 1029 556 1057 unde
569 1029 678 1064 digressi
696 1028 753 1056 hmc
771 1029 896 1061 diximus,
912 1028 961 1056 de-

171 1079 401 1109 monstremusque
416 1074 486 1109 quod
500 1082 531 1101 ea
545 1082 604 1109 qua:
614 1074 713 1101 ludatis
726 1078 802 1101 erant
815 1078 942 1101 eventura
952 1093 960 1106 ,

171 1119 296 1147 divinitus
312 1120 364 1147 illis
382 1127 442 1147 cum
464 1121 536 1147 omni
557 1121 725 1147 accuratione
750 1120 874 1155 praedicta
898 1119 960 1146 sint.

170 1166 228 1193 .lam
243 1167 314 1193 enim
329 1166 395 1194 duas
407 1166 574 1201 captivitates
587 1174 676 1193 sermo
687 1170 781 1194 nOster
795 1167 962 1193 demonstra-

171 1213 208 1240 vit
229 1212 281 1242 illis
299 1212 448 1246 accidisse,
471 1211 694 1247 quemadmodum
718 1219 732 1239 a
755 1211 891 1247 prophetis
905 1215 964 1238 erat

172 1258 325 1293 praedictum
338 1279 346 1291 ,
369 1257 448 1292 idque
463 1265 514 1284 non
533 1265 597 1285 casu
611 1265 697 1293 neque
712 1262 809 1292 praeter
823 1261 963 1291 exspecta-

172 1305 282 1331 tionem.
304 1303 432 1338 Superest
447 1307 475 1330 ut
494 1303 635 1338 deinceps,
652 1303 696 1331 ubi
714 1304 816 1330 tertiam
832 1302 964 1338 adjt-ceri’

172 1356 240 1380 mus,
247 1348 280 1376 de
291 1349 351 1381 hac,
359 1357 410 1384 qua
420 1356 490 1376 nunc
499 1353 623 1377 tenentur
630 1349 759 1382 dicamus,
768 1348 964 1383 doceamusque

172 1394 312 1430 perspicue
325 1415 332 1428 ,
352 1394 422 1430 quod
439 1394 527 1422 nullus
543 1394 671 1429 propheta
688 1395 810 1430 promisit
828 1394 879 1421 illis
892 1394 964 1420 futu-

171 1447 239 1472 rum,
252 1444 280 1467 ut
289 1439 342 1467 ullo
356 1443 432 1474 pacto
444 1439 478 1467 ab
492 1439 532 1467 his
547 1439 635 1473 malis,
650 1440 677 1467 in
691 1440 786 1475 quibus
802 1447 873 1467 nunc
888 1443 964 1474 sunt,

172 1486 316 1517 solvantur,
331 1489 377 1512 aut
389 1485 544 1513 liberentur.
558 1485 622 1518 Qua:
635 1489 676 1512 est
691 1485 770 1520 igitur
785 1485 884 1513 tertia?
901 1485 965 1518 Quze

176 1532 244 1558 facta
265 1535 306 1559 est
326 1531 377 1559 sub
395 1531 527 1559 Antiocho
545 1537 722 1567 cognomento
736 1532 883 1567 Epiphane.
898 1532 964 1559 Nam

173 1577 324 1605 Alexander
344 1577 517 1604 Macedonum
537 1585 605 1610 rex,
628 1578 672 1604 ubi
695 1578 802 1605 Darium
824 1578 965 1606 Persarum

173 1630 261 1657 regem
281 1622 451 1655 sustulisset,
471 1622 496 1649 in
518 1629 577 1650 sese
591 1623 725 1650 transtulit
744 1622 894 1658 imperium.
910 1622 966 1650 Hoc

173 1673 262 1695 autem
279 1668 411 1695 exstincto
424 1689 431 1701 ,
445 1672 558 1703 quatuor
572 1672 632 1703 post
647 1668 720 1696 illum
736 1676 812 1703 reges
827 1675 966 1695 successe-

174 1719 255 1747 runt,
270 1722 286 1742 e
299 1721 411 1749 quorum
426 1722 479 1742 uno
494 1720 638 1750 prognatus
651 1714 798 1742 Antiochus
813 1715 891 1749 longo
907 1720 967 1749 post

174 1765 293 1795 tempore
306 1764 333 1787 et
347 1760 473 1794 templum
494 1760 630 1793 incendit,
653 1764 680 1788 et
700 1765 791 1787 sancta
813 1764 966 1787 sanctorum

173 1805 330 1838 devastavit,
342 1809 369 1833 et.
389 1805 517 1833 sacriﬁcia
541 1805 657 1838 sustulit,
677 1810 704 1833 et
721 1805 829 1834 Iudaeos
849 1804 965 1840 subegit,

173 1851 287 1886 denique
300 1855 381 1878 totam
396 1852 501 1879 illorum
512 1851 701 1885 rempublicam
716 1852 822 1879 evertit.

208 1896 389 1933 1.E:cplicatio
408 1897 546 1932 prophetia:
564 1896 688 1925 Danielis.
703 1912 739 1917 -—
754 1897 789 1924 Et
809 1897 866 1924 lucc
878 1897 966 1925 omnia

174 1943 206 1971 ad
219 1951 299 1970 unum
314 1950 395 1978 usque
409 1943 479 1971 diem
494 1943 663 1971 exactissime
677 1942 802 1977 praedicta
814 1947 876 1970 sunt
888 1950 903 1969 a
918 1943 968 1969 Da-

176 1989 262 2021 niele;
277 1994 303 2016 et
318 1988 424 2023 quando
437 1988 494 2015 haec
507 1992 598 2015 essent
613 1987 698 2015 futura
708 2008 715 2020 ,
729 1993 757 2015 et
771 1988 920 2022 quomodo,
941 1991 969 2015 et

175 2042 188 2062 ιι
204 2041 273 2069 quo,
289 2039 316 2061 et
336 2041 387 2068 qua
409 2035 530 2066 ratione,
552 2037 579 2060 et
601 2033 645 2060 ubi
666 2032 746 2061 ﬁnem
768 2037 928 2068 acceptura,
942 2037 969 2060 et

175 2088 254 2116 quam
270 2079 376 2107 tandem
391 2080 561 2107 mulationem
583 2079 719 2106 sortitura.
740 2079 796 2106 Hoc
808 2083 896 2107 autem
910 2079 968 2106 evi-

176 2126 280 2154 dentius
301 2126 465 2161 perspicietis
487 2125 532 2153 ubi
554 2126 681 2153 visionem
709 2125 791 2160 ipsam
813 2125 967 2159 audieritis,

175 2179 254 2207 quam
269 2179 316 2206 per
331 2171 483 2206 parabolam
499 2171 575 2198 nobis
588 2171 726 2206 proposuit
739 2171 867 2206 propheta
879 2191 886 2203 ,
900 2171 969 2199 arie-

178 2217 212 2245 tis
236 2217 364 2244 rocabulo
385 2217 528 2252 designans
551 2217 658 2244 Darium
685 2225 774 2252 regem
799 2217 938 2244 Persarum
959 2225 967 2244 :

176 2264 244 2292 hirci
260 2271 324 2291 vero
344 2263 497 2291 Grtecorum
520 2271 608 2298 regem
619 2284 627 2297 ,
643 2263 766 2291 videlicet
787 2262 968 2290 Alexandrum

177 2309 348 2336 Macedonem
360 2316 367 2335 :
378 2313 489 2344 quatuor
499 2316 597 2336 cornua
608 2313 684 2336 vocat
697 2316 755 2342 eos,
769 2308 812 2343 qui
826 2313 884 2343 post
895 2308 968 2335 illum

177 2354 336 2383 exstiterunt
351 2362 357 2380 :
375 2358 537 2389 postremum
560 2361 644 2382 cornu
666 2353 751 2388 ipsum
772 2354 857 2389 signat
876 2353 970 2381 Antio-

178 2399 270 2427 chum.
283 2399 351 2433 Quin
363 2404 468 2434 prmslat
481 2400 564 2434 ipsam
577 2399 669 2427 audire
683 2399 824 2427 visionem.
842 2399 910 2432 Vidi,
927 2399 969 2426 in-

178 2444 245 2479 quit,
257 2445 374 2472 visionem
389 2450 411 2472 et
424 2445 539 2472 sedebant
554 2445 580 2472 in
598 2445 681 2478 Ubal;
696 2444 762 2473 Ubal
779 2445 864 2472 locum
878 2453 972 2480 quem.

180 2490 248 2525 piam
268 2489 350 2523 dicit,
364 2491 502 2518 Persarum
523 2491 611 2525 lingua
632 2491 671 2518 sic
688 2491 761 2518 illum
781 2491 933 2526 appellans;
948 2495 971 2517 et

180 2536 269 2564 sustuli
278 2536 363 2562 oculos
376 2545 453 2570 meos,
468 2542 492 2563 et
506 2537 566 2569 vidi,
580 2543 603 2563 et
616 2545 671 2564 ecce
684 2537 750 2563 aries
759 2545 823 2563 unus
835 2541 904 2563 stans
914 2541 972 2563 ante

181 2582 263 2613 Ubal,
278 2586 302 2609 et
321 2587 392 2609 erant
414 2582 453 2609 illi
471 2591 565 2609 cornua
585 2583 700 2616 excelsa,
715 2587 737 2610 et
752 2591 829 2609 unum
849 2582 971 2610 excelsius

179 2629 284 2661 steteris,
298 2632 321 2655 et
332 2629 455 2655 excelsum
470 2628 535 2655 illud
549 2630 657 2664 pervenit
669 2637 747 2664 usque
760 2630 796 2656 ad
805 2634 935 2657 extrema:
948 2634 972 2657 et

180 2674 292 2702 videbam
299 2674 401 2702 arietem
409 2681 546 2701 moventem
555 2683 633 2701 cornu
642 2680 729 2702 contra
737 2683 815 2707 mare,
822 2680 845 2702 et
852 2675 970 2709 Boream,

180 2724 204 2746 et
216 2719 329 2751 Notum,
345 2724 368 2746 et
387 2728 471 2746 omnes
493 2720 577 2746 bestiae
598 2728 649 2747 non
672 2720 772 2747 stabunt
792 2721 818 2747 in
837 2724 972 2755 conspectu

180 2767 244 2799 ejus,
271 2775 315 2793 nec
335 2772 388 2794 erat
411 2767 453 2801 qui
478 2767 583 2801 eriperet
608 2766 640 2793 de
660 2775 737 2794 manu
747 2767 872 2794 illius:et
893 2767 972 2802 facie-

183 2812 225 2838 bat
247 2812 323 2849 juxta
342 2813 494 2840 voluntate»:
517 2821 608 2847 sitam,
635 2818 658 2840 et
677 2814 853 2849 magni/tcatus
871 2817 923 2847 est,
948 2817 972 2840 et

183 2867 228 2894 ego
244 2859 409 2895 intelhgcbam
426 2859 504 2896 (Dan.
524 2860 551 2889 8.
570 2860 597 2889 2.
613 2865 635 2888 ct
647 2864 738 2897 seqq).
754 2860 790 2888 De
803 2859 918 2896 potentia
933 2859 975 2889 l0-

789 151 970 181 ADVEHSUS
989 151 1140 181 JUDAZOS.
1163 153 1195 181 V.

1745 159 1778 187 89
1784 161 1797 187 ι

1009 209 1099 244 quitur
1112 209 1217 237 Persica
1227 230 1234 242 ,
1250 213 1278 237 et
1295 209 1430 237 dominatu
1441 229 1450 243 ,
1462 208 1507 244 qui
1523 198 1641 244 peri'asit
1651 213 1732 236 totam
1746 212 1800 235 ter-

1008 262 1076 282 ram.
1092 255 1191 282 Deinde
1203 255 1237 282 de
1252 255 1402 282 Alexandro
1416 254 1587 282 Macedonum
1603 262 1665 290 rege
1677 254 1800 289 loquens,

1008 299 1085 327 dicit:
1095 299 1128 326 Et
1142 308 1197 327 ecce
1210 300 1293 327 hircus
1307 309 1439 336 caprarum
1451 301 1515 327 venit
1528 299 1558 326 ab
1572 300 1663 326 Austro
1677 307 1753 334 super
1763 301 1804 334 fa-

1008 345 1070 372 cient
1085 346 1206 373 universte
1226 350 1298 373 terrae
1310 367 1317 379 ,
1334 351 1356 373 et
1377 354 1428 372 non
1443 346 1557 381 tangebat
1572 338 1663 372 terram
1675 366 1682 377 ,
1697 350 1720 372 et
1732 345 1803 372 hirco

1010 390 1048 417 illi
1058 390 1214 425 prominebat
1226 399 1305 418 cornu
1319 391 1345 417 in
1360 391 1441 418 medio
1454 391 1583 417 oculorum
1598 390 1688 426 ipsius.
1705 390 1804 417 Deinde

1010 443 1122 463 narrans
1136 443 1306 471 congressum
1323 436 1466 464 Alexandri
1482 445 1542 464 cum
1564 437 1656 469 Dario,
1671 436 1805 471 ejusdem-

1010 489 1062 516 que
1077 482 1215 509 victoriam
1231 482 1332 510 viribus
1347 487 1449 517 partam
1470 490 1477 508 :
1501 481 1586 514 Venit,
1601 481 1685 516 inquit
1697 502 1705 514 ,
1719 483 1804 508 hircus

1010 535 1088 562 usque
1099 527 1133 554 ad
1151 527 1253 554 arietem
1275 527 1404 554 habentem
1424 536 1535 560 cornua,
1552 533 1574 554 et
1590 527 1707 560 e/feratus
1728 533 1763 553 est
1777 528 1804 554 in

1011 580 1076 605 eum,
1089 577 1112 600 et
1125 574 1246 608 percussit
1258 573 1371 606 arietem,
1385 573 1526 601 dicendum
1541 578 1581 601 est
1594 574 1663 600 enim
1678 581 1804 608 compen-

1012 618 1066 651 dio,
1075 623 1098 645 et
1111 619 1226 646 contrivit
1240 624 1373 654 utrumque
1382 628 1460 646 cornu
1472 619 1550 651 illius,
1562 627 1606 646 nec
1620 623 1672 645 erat
1683 619 1724 654 qui
1737 619 1804 646 arie-

1013 668 1061 690 tem
1074 664 1178 699 eriperet
1191 663 1222 691 de
1240 673 1317 691 manu
1330 665 1410 692 illius.
1427 664 1547 691 Posthacc
1565 671 1677 691 narrans
1692 669 1806 691 mortem

1013 710 1175 745 Alexandri,
1191 715 1218 738 et
1237 716 1348 745 quatuor
1361 719 1451 746 regum
1467 711 1662 738 successionem
1680 718 1686 737 :
1703 709 1806 736 Etcum

1013 757 1054 784 hic
1068 757 1226 784 incalesceret
1239 779 1245 790 ,
1262 758 1346 793 inquit
1358 779 1364 790 ,
1378 759 1514 785 contritum
1533 762 1569 784 est
1589 766 1666 784 cornu
1681 757 1735 792 ejus
1749 765 1805 783 ma-

1012 811 1098 838 gnum,
1111 808 1134 830 et
1144 807 1230 830 exorta
1241 809 1297 830 sunt
1311 808 1418 838 quatuor
1428 812 1522 830 cornua
1533 802 1577 830 sub
1590 803 1644 833 illo,
1655 803 1689 829 ad
1699 806 1806 835 quatuor

1012 852 1096 875 ventos
1109 848 1174 875 mli.
1190 848 1257 875 llinc
1270 848 1403 876 transiens
1420 848 1545 882 deinceps
1561 847 1594 874 ad
1625 847 1749 874 Antiochi
1763 855 1806 874 re-

1013 901 1091 928 gnum
1098 894 1179 926 venit,
1188 893 1359 921 etdcclarans
1369 893 1438 928 quod
1448 902 1480 920 ex
1490 894 1583 920 horum
1592 897 1703 928 quatuor
1711 900 1763 920 uno
1771 893 1806 919 sit

1014 943 1088 967 ortus
1098 960 1105 972 ,
1120 939 1159 966 sic
1174 939 1228 967 fere
1242 939 1279 966 ait
1294 948 1301 966 :
1317 939 1358 966 Ex
1371 948 1421 966 uno
1442 939 1534 974 prodiit
1547 947 1626 965 cornu
1640 938 1752 965 validum
1762 959 1768 971 ,
1783 942 1807 966 et

1013 985 1152 1012 exaltatum
1164 991 1199 1012 est
1213 985 1376 1017 vehementer,
1389 985 1422 1011 ad
1435 984 1530 1011 Natant
1543 989 1566 1011 et
1578 983 1714 1011 Orientem.
1729 984 1804 1011 Dein-

1014 1030 1048 1058 de
1067 1030 1210 1066 designans
1232 1031 1301 1065 quod
1321 1031 1457 1058 Judaicam
1481 1030 1599 1065 politiam
1623 1029 1739 1057 funditus
1759 1028 1807 1056 de-

1014 1077 1110 1104 SIruxit
1126 1086 1132 1103 :
1151 1075 1285 1110 Posthac,
1301 1077 1403 1111 inquit,
1419 1077 1572 1110 sacri/icium
1594 1085 1639 1111 per
1652 1084 1708 1103 eum
1722 1075 1809 1102 turba—

1015 1127 1067 1149 tum
1079 1127 1116 1149 est
1128 1122 1228 1149 delicto.
1245 1122 1278 1149 Et
1293 1125 1388 1158 factum
1401 1128 1447 1155 est,
1462 1128 1485 1149 et
1499 1131 1617 1158 prospere
1631 1122 1761 1158 processit.
1774 1121 1808 1148 Et

1016 1173 1129 1195 sanctam
1151 1167 1321 1201 desolabitur,
1337 1173 1360 1196 et
1381 1169 1470 1195 datum
1491 1173 1527 1195 est
1547 1173 1635 1195 contra
1656 1167 1808 1202 sacriﬁcium

1015 1218 1161 1249 peccatum;
1175 1214 1252 1240 altari
1265 1214 1331 1241 enim
1344 1213 1453 1246 sublato,
1465 1213 1558 1240 sanctis
1573 1213 1734 1244 conculcatis,
1748 1211 1807 1239 ida-

1017 1258 1070 1285 lum
1081 1259 1168 1286 statuit
1180 1259 1257 1293 intus,
1269 1264 1291 1286 et
1301 1259 1395 1286 hostias
1407 1258 1544 1286 immolavit
1555 1259 1707 1286 daemonibus
1720 1263 1808 1285 contra

1016 1304 1107 1340 legem,
1119 1309 1141 1330 et
1154 1305 1266 1340 projecta
1278 1309 1314 1331 est
1326 1305 1352 1331 in
1366 1309 1458 1331 terram
1463 1305 1574 1338 justitia.
1588 1304 1619 1331 Et
1632 1304 1700 1340 fecit,
1712 1309 1734 1331 et
1747 1312 1809 1339 pro-

1016 1359 1088 1386 spere
1113 1351 1242 1386 processit.
1265 1350 1365 1378 Deinde
1390 1358 1494 1378 rursum
1517 1351 1551 1378 de
1565 1350 1617 1378 hoc
1644 1350 1703 1385 ipso
1727 1356 1808 1384 agens

1015 1405 1098 1432 regno
1112 1397 1237 1425 Antiochi
1254 1397 1409 1432 Epiphanis,
1423 1397 1508 1432 deque
1521 1397 1674 1432 captivitate
1692 1396 1809 1423 excidio-

1017 1451 1069 1480 que
1080 1451 1112 1471 ac
1126 1444 1292 1472 desolatioue
1306 1444 1408 1478 templi,
1422 1445 1501 1470 etiam
1516 1443 1601 1478 ipsum
1616 1447 1721 1477 tempus
1733 1442 1810 1470 addi-

1016 1490 1065 1518 dit.
1075 1490 1194 1518 Exorsus
1203 1490 1274 1517 enim
1285 1489 1319 1516 ab
1329 1489 1471 1516 Alexandri
1484 1496 1575 1524 regno,
1587 1488 1674 1515 denuo
1684 1487 1716 1514 ad
1729 1488 1808 1515 ﬁnem

1018 1536 1077 1564 libri
1088 1537 1167 1564 etiam
1179 1535 1333 1563 intermedia
1346 1542 1559 1563 commemorans
1571 1535 1669 1567 omnia,
1681 1541 1738 1568 qua:
1749 1534 1811 1561 Pto-

1017 1582 1104 1610 lemmi
1122 1586 1149 1609 et
1172 1581 1275 1609 Seleuci
1295 1580 1476 1608 conﬂictantes
1497 1580 1566 1607 inter
1587 1587 1645 1607 sese
1669 1579 1809 1612 fecerunt,

1017 1635 1129 1663 qumque
1150 1627 1244 1654 borum
1269 1626 1350 1654 duces
1369 1630 1525 1660 gesserunt,
1551 1625 1626 1652 dolos
1638 1646 1646 1658 ,
1666 1625 1809 1657 victorias,

1019 1673 1154 1701 exercitus
1166 1694 1173 1705 ,
1189 1679 1290 1708 pugnas
1303 1672 1410 1699 navales
1420 1693 1427 1704 ,
1443 1672 1532 1706 prrclia
1546 1671 1676 1706 pedestria
1691 1680 1698 1698 :
1714 1670 1811 1698 deinde

1019 1726 1177 1754 progressus
1190 1719 1215 1746 in
1231 1717 1390 1746 Antiochum
1401 1717 1498 1745 desinit
1510 1717 1604 1744 iterum
1619 1716 1711 1743 dicens
1725 1724 1732 1742 :
1746 1715 1812 1742 Bru-

1019 1764 1077 1792 chia
1087 1772 1118 1791 ea:
1127 1764 1182 1799 ipso
1190 1764 1344 1797 exorientur,
1354 1769 1378 1790 et
1389 1763 1557 1798 profanabant
1567 1767 1681 1789 sanctum
1691 1766 1714 1788 et
1725 1766 1810 1788 trans-

1019 1810 1100 1844 ferant
1118 1809 1353 1841 continuationem;
1378 1808 1602 1836 continuationem
1617 1807 1753 1842 appellans
1768 1813 1812 1834 so-

1020 1855 1122 1882 lemnes
1142 1858 1169 1881 et
1189 1854 1355 1889 quotidianus
1370 1854 1504 1882 victimas:
1529 1858 1552 1880 et
1571 1853 1678 1888 inferent
1700 1853 1725 1879 in
1739 1852 1810 1879 illam

1021 1901 1240 1934 abominationem,
1252 1904 1275 1927 et
1286 1909 1327 1928 eos
1339 1901 1380 1936 qui
1392 1900 1487 1927 violant
1500 1904 1683 1931 testamentum,
1696 1899 1746 1926 hoc
1758 1903 1809 1931 est,

1022 1946 1227 1980 przevarieantes
1241 1945 1357 1978 Judzcos,
1369 1945 1492 1972 adducent
1505 1945 1530 1971 in
1545 1945 1642 1978 ruinas,
1658 1952 1748 1972 secum
1764 1944 1812 1971 ha-

1021 1991 1121 2018 bebunt
1141 1998 1172 2017 ac
1185 1990 1362 2023 tran-ferent,
1385 1994 1408 2017 et
1427 1990 1535 2024 populus
1556 1997 1706 2024 cognoscens
1731 1989 1811 2016 Deum

1021 2045 1095 2064 suum
1108 2036 1250 2071 praevalebit
1263 2044 1273 2062 :
1298 2033 1507 2062 Machabtcorum
1520 2041 1565 2061 res
1577 2033 1738 2068 signiﬁcans,
1752 2042 1812 2068 qua:

1022 2082 1175 2110 ceciderunt
1186 2082 1236 2109 sub
1250 2081 1316 2109 Juda
1331 2085 1358 2108 et
1370 2081 1477 2108 Simone
1491 2084 1519 2107 et
1531 2080 1649 2112 Joanne;
1665 2085 1689 2107 et
1703 2080 1812 2115 pruden-

1021 2134 1057 2156 tes
1069 2129 1156 2164 populi
1168 2128 1306 2163 intelligent
1320 2127 1354 2153 ad
1368 2127 1457 2159 malm,
1474 2131 1496 2154 et
1507 2125 1702 2161 inﬁrmabuntur
1714 2125 1740 2152 in
1754 2125 1811 2160 gla-

1021 2175 1063 2201 dio
1084 2178 1106 2201 et
1122 2174 1244 2209 ﬂamma;
1264 2172 1388 2200 nimirum
1413 2172 1508 2199 iterum
1532 2178 1643 2199 narrans
1662 2170 1812 2198 incendium

1022 2219 1152 2251 civitatis;
1168 2224 1192 2245 et
1207 2219 1233 2245 in
1248 2219 1407 2253 captivitate,
1424 2222 1446 2244 et
1461 2218 1487 2244 in
1502 2217 1642 2251 direptione
1660 2217 1776 2247 dierum;
1789 2221 1812 2242 et

1022 2273 1080 2291 cunt
1092 2265 1214 2299 infirmati
1228 2264 1341 2300 fuerint,
1361 2262 1547 2298 adjuuabuntur
1567 2262 1693 2298 adjulorio
1716 2269 1814 2297 parvo:

1021 2310 1172 2346 signiﬁcans
1185 2309 1256 2345 quod
1276 2309 1302 2337 in
1325 2309 1420 2336 mediis
1435 2308 1487 2336 illis
1506 2308 1581 2335 malis
1595 2313 1718 2343 poterunt
1729 2308 1813 2342 respi-

1023 2364 1083 2385 rare
1094 2377 1102 2389 ,
1118 2361 1145 2384 et
1163 2363 1301 2391 emergere
1320 2363 1353 2382 ex
1367 2354 1552 2382 afflictionibus
1564 2374 1571 2386 ,
1585 2353 1681 2388 quibus
1703 2353 1812 2380 involuti

1022 2407 1101 2435 sunt;
1117 2407 1140 2430 et
1156 2402 1325 2437 adjungentur
1336 2401 1388 2428 illis
1406 2401 1478 2427 multi
1492 2400 1518 2427 in
1531 2399 1610 2427 ruinis
1622 2419 1630 2432 ,
1641 2404 1664 2425 et
1674 2399 1704 2425 ab
1719 2398 1813 2426 intelli-

1025 2448 1138 2484 gentibus
1150 2447 1345 2482 in/irmabuntur
1359 2445 1439 2482 (Dan.
1454 2445 1497 2472 Η.
1511 2445 1588 2472 5Le:
1603 2445 1692 2480 seqq).
1709 2444 1755 2472 His
1767 2452 1814 2471 au-

1024 2499 1076 2521 tem
1090 2493 1178 2521 verbis
1192 2492 1322 2527 signiﬁcat
1335 2491 1451 2518 futurum
1463 2511 1470 2523 ,
1487 2494 1515 2518 ut
1530 2490 1603 2517 multi
1618 2490 1697 2517 etiam
1713 2494 1814 2516 stantes

1023 2539 1128 2567 cadant.
1143 2538 1244 2566 Deinde
1253 2545 1360 2565 causam
1374 2537 1452 2564 etiam
1467 2536 1562 2570 aperit,
1577 2535 1611 2563 ob
1624 2542 1702 2570 quam
1716 2535 1813 2569 permi-

1023 2586 1058 2612 sit
1069 2586 1139 2612 Deus
1153 2585 1214 2612 illos
1227 2584 1252 2611 in
1269 2583 1348 2611 tantis
1360 2583 1437 2610 malis
1450 2581 1561 2609 versari.
1574 2581 1700 2614 Quarnam
1711 2585 1751 2608 est
1761 2588 1791 2607 ea
1801 2580 1814 2607 τ

1026 2630 1059 2658 Ut
1082 2630 1139 2665 igne
1160 2629 1283 2656 examinet
1306 2628 1373 2660 illos,
1397 2627 1496 2662 inquit,
1516 2627 1608 2661 eligat,
1624 2631 1698 2660 atque
1717 2624 1814 2651 dealbet

1024 2685 1100 2712 usque
1108 2676 1142 2703 ad
1152 2676 1284 2703 termimun
1298 2675 1426 2710 temporis.
1438 2674 1549 2709 Propter
1560 2673 1616 2700 haec
1626 2673 1707 2704 enim,
1717 2672 1811 2706 inquit,

1024 2722 1082 2750 haec
1088 2721 1208 2757 permisit
1216 2721 1295 2754 Deus,
1302 2724 1384 2748 uteos
1393 2717 1761 2754 repurgaret,ostenderetque
1767 2716 1812 2750 qui

1025 2772 1116 2796 essent
1129 2767 1197 2794 inter
1211 2766 1271 2794 illos
1285 2765 1398 2801 probati.
1408 2764 1508 2792 Deinde
1518 2769 1730 2791 commemorans
1742 2761 1813 2795 regis

1025 2813 1094 2841 illius
1107 2812 1262 2848 potentiam,
1278 2811 1332 2838 ait:
1348 2810 1381 2837 Et
1393 2810 1468 2846 faciet
1476 2811 1551 2843 juxta
1565 2809 1715 2836 voluntatem
1729 2815 1811 2838 suam,

1025 2864 1049 2890 et
1058 2858 1219 2894 multabitur,
1228 2863 1250 2887 ct
1261 2856 1469 2896 magni/imbitur.
1480 2855 1539 2885 Mox
1552 2854 1737 2891 blasphemum
1744 2852 1815 2883 illius
