2043 3116
263 167 315 196 895

261 225 379 251 animum
395 222 545 258 signiﬁcans
555 242 562 254 ,
575 221 647 248 addit
670 229 676 235 -
699 219 821 246 Aduersus
834 217 915 244 Deum
930 217 1033 243 deorum
1044 235 1052 247 ,

263 271 346 305 inquit
359 291 367 304 ,
382 270 494 304 loquetur
507 271 614 302 superba
626 286 632 297 .
649 270 671 292 et
694 265 881 300 prosperabitur
892 284 898 295 ,
916 263 994 289 donec
1016 262 1055 288 ira

263 315 492 343 rorisummabitur:
508 313 643 340 tit-clarans
657 311 727 347 quod
747 319 798 338 non
821 319 852 338 ex
870 310 974 344 proprio
988 316 1052 336 coa-

263 362 339 394 silio,
353 361 399 388 sed
418 364 523 394 propter
539 360 602 385 iram
627 358 672 385 Dei
694 357 822 384 adversus
839 356 944 384 Juda'os
957 355 1001 382 ille
1016 355 1054 381 sic

265 406 414 433 invaluerit.
427 405 543 431 Tandem
557 404 599 431 ubi
611 404 727 437 pluribus
738 403 794 429 aliis
806 402 870 429 dixit
880 406 976 436 quanta
986 401 1054 428 mala

264 452 379 479 facturus
395 455 484 483 esset,
504 456 558 476 tum
581 449 696 485 Egypto
708 470 715 481 ,
733 453 787 475 tum
802 447 970 479 l‘:I|.rstin:n;
986 455 1053 481 quo-

264 498 343 525 modo
357 497 488 524 rediturus
503 497 534 524 sit
548 516 555 527 .
577 502 602 524 et
624 504 677 531 quo
690 500 801 522 vocante
813 516 820 527 ,
837 500 863 521 et
878 501 928 528 qua
945 497 1054 528 urgente

263 551 342 571 causa
356 552 364 569 :
377 547 465 577 postea
478 547 566 569 narrat
578 542 726 576 temporum
737 539 919 571 mulationem,
933 538 1054 573 quodque

265 588 348 616 Judaei
365 592 503 623 postquam
521 596 567 622 per
582 587 639 614 haec
661 587 750 613 omnia
772 585 944 616 transierint,
961 584 1054 610 nanci-

265 640 373 661 sccntur
384 633 488 668 aliquod
500 633 635 664 auxilium,
645 633 726 658 misso
739 632 832 665 angelo
841 631 865 657 in
879 630 983 656 illorum
993 629 1055 656 sub-

267 681 372 707 sidium.
386 679 418 707 In
433 685 543 714 tempore
555 679 620 705 enim
636 678 690 710 illo,
705 678 797 712 inquit.
812 681 929 712 exsurget
944 676 1055 702 Michael

266 727 381 761 princeps
395 734 500 760 magnus
511 746 518 758 ,
533 725 576 756 qui
590 726 720 759 praefectus
733 729 768 750 est
783 724 843 758 ﬁliis
863 723 950 758 populi
963 723 999 749 tui
1009 744 1016 755 ,
1030 727 1054 748 et

265 773 311 798 erit
327 777 423 806 tempus
435 771 573 806 uﬁlirtionis
586 791 592 802 ,
607 770 680 804 quale
694 778 743 796 non
759 769 817 804 fuit,
833 777 863 795 es;
875 777 923 802 quo
936 777 996 803 gens
1011 770 1053 802 fu-

266 823 305 843 cln
316 823 350 844 ρει
361 818 386 843 in
399 822 464 843 terra
477 824 555 852 usque
569 815 601 841 ad
617 820 712 850 tentpus
726 815 799 846 illud,
813 819 836 841 et
849 815 874 841 in
888 819 998 848 tempore
1008 814 1053 840 illa

265 863 334 888 salva
347 863 387 896 fiet
402 862 482 888 omnis
497 861 630 887 nmltitudo
642 882 649 891 ,
666 868 723 896 qua:
738 860 875 895 reperietur
887 860 1012 894 descripta
1027 860 1053 885 in

267 908 329 934 libro
345 908 430 944 (Dan.
448 907 492 934 12.
506 908 517 933 l
529 906 549 942 ),
565 907 614 933 hoc
625 911 674 938 est,
690 906 732 939 qui
748 905 819 940 digni
833 911 893 932 Slltll
907 905 1003 932 salute.

300 954 326 981 8.
348 953 444 981 Verum
465 960 498 980 ne
520 960 592 979 nunc
611 952 718 987 quidem
740 951 826 978 adhuc
844 951 1051 978 demonstratum

265 1004 315 1030 est.
328 999 361 1026 de
372 1006 423 1033 quo
435 999 482 1025 luit
493 998 610 1025 instituta
624 997 744 1031 quasstio.
757 997 823 1029 Quid
834 1001 921 1023 autem
933 996 982 1023 hoc
993 995 1051 1022 cst?

265 1044 393 1071 Videlicet
415 1043 484 1077 quod
500 1046 578 1071 etiam
595 1048 712 1076 tempora
730 1042 883 1076 praeﬁnierit
901 1041 941 1068 his
958 1042 1033 1068 malis
1044 1062 1050 1073 ,

264 1092 335 1119 velut
350 1092 402 1119 illic
421 1092 512 1126 prince
532 1091 667 1117 servitutis
681 1096 764 1116 annos
777 1088 995 1124 quadringentos,
1011 1095 1054 1115 sc-

263 1138 356 1165 cnndaa
375 1141 467 1172 postea
491 1136 666 1172 septuaginta.
690 1135 834 1163 Videamus
857 1136 936 1171 igitur
956 1143 989 1162 an
1011 1135 1052 1162 his

263 1190 368 1217 quoque
380 1182 509 1217 prmﬂniat
522 1186 625 1215 tempus
637 1181 753 1216 aliquod.
767 1181 815 1208 l'bi
827 1187 890 1207 vero
903 1180 991 1207 licebit
1001 1180 1052 1207 hoc

263 1228 403 1256 invenire?
420 1227 447 1255 In
478 1228 510 1255 iis
530 1235 588 1262 qua:
608 1231 667 1261 post
688 1226 746 1254 hmc
767 1226 899 1253 dicentur.
921 1225 1052 1260 Quoniam

264 1275 333 1301 enim
347 1273 466 1301 audierat
481 1273 561 1300 multa
575 1279 721 1307 magnaque
735 1272 814 1304 mala,
830 1271 944 1298 civitatis
959 1272 1050 1298 incen-

263 1319 334 1346 dium
346 1340 352 1349 ,
369 1319 465 1353 politi:e
486 1318 683 1345 snbversionem
697 1338 703 1350 ,
724 1324 833 1344 suorum
855 1317 1032 1350 captivitatem
1043 1338 1049 1347 ,

264 1370 353 1399 pnstea
365 1364 530 1391 desiderabat
542 1363 620 1390 ﬁnem
635 1363 738 1389 illorum
752 1362 863 1394 discere,
879 1366 906 1388 et
917 1370 980 1388 num
993 1369 1051 1396 quae

264 1410 348 1436 iutnra
361 1413 432 1436 esset
444 1416 534 1436 carum
548 1408 726 1435 calamitatum
743 1407 923 1434 commutatio.
936 1407 1051 1434 Percon-

263 1459 322 1480 tans
336 1458 422 1481 autem
437 1453 476 1480 sic
495 1453 652 1486 loquebatur
663 1473 670 1486 ,
686 1451 793 1479 Domine
804 1471 811 1483 ,
826 1453 881 1487 quis
895 1456 930 1478 est
947 1451 1051 1478 istorum

263 1500 340 1534 ﬁnis?
354 1499 386 1526 Et
400 1500 474 1531 dixit,
494 1498 556 1525 Veni
569 1498 617 1524 huc
631 1497 738 1525 Daniel:
749 1497 867 1532 quoniam
881 1497 960 1523 clausi
972 1501 994 1523 et
1007 1495 1052 1523 ob-

262 1546 355 1580 n'gnati
369 1550 426 1571 sunt
445 1553 569 1571 sermones
587 1552 597 1571 :
611 1544 780 1571 subindicans
800 1543 988 1570 obscuritatem
1003 1550 1050 1570 eo-

263 1599 321 1618 rum
332 1612 338 1622 ,
353 1599 413 1625 qua:
426 1591 594 1622 dicerentur,
611 1589 694 1624 Usque
707 1588 740 1615 ad
759 1588 876 1624 temporis
889 1588 974 1622 ﬁnem.
991 1588 1051 1615 Mox

263 1643 368 1663 causam
381 1636 513 1670 aperiens,
528 1643 608 1670 quare
623 1635 672 1661 ista
689 1635 838 1668 permiserit
851 1634 958 1661 evenire
971 1633 1049 1666 tnala,

264 1681 349 1708 Donec
363 1681 498 1716 eligantur,
520 1681 620 1715 inquit,
637 1685 659 1706 et
674 1680 829 1712 dealbentur,
845 1685 868 1706 et
887 1680 940 1715 igni
953 1680 1050 1706 exami-

263 1731 353 1753 nentur
363 1726 444 1758 multi,
457 1731 479 1752 et
492 1726 576 1759 inique
587 1731 662 1760 agant
676 1726 765 1760 iniqui,
781 1730 802 1751 et
814 1725 955 1760 intelligant
967 1733 1051 1752 omnes

263 1771 343 1806 impii,
352 1776 374 1797 et
384 1771 480 1797 cordatt'
490 1771 629 1805 intelligant
640 1769 718 1805 (Dan.
728 1770 769 1797 i2.
780 1770 807 1797 8.
817 1775 839 1797 et
846 1771 937 1804 seqq.).
951 1770 1052 1798 Deinde

263 1820 360 1850 quanto
369 1819 486 1849 tempore
497 1815 549 1842 sint
563 1815 613 1842 illis
627 1823 748 1842 mansura
759 1815 814 1842 haec
827 1815 894 1841 mala
906 1814 1051 1849 praedicens

264 1861 299 1886 Iit
311 1860 348 1886 :A
361 1865 470 1894 tempore
485 1861 697 1887 transmutationis
706 1860 889 1898 endelec/u'smi.
904 1860 949 1887 Sic
962 1864 1050 1886 autem

265 1907 406 1933 vocabatur
415 1906 596 1941 quotidianum
609 1914 622 1933 s
631 1906 775 1934 «oriﬁcium.
790 1906 855 1933 Nam
868 1909 982 1940 ἐνδελεχὴς
993 1915 1052 1941 per-

264 1957 372 1987 petuum
388 1957 444 1984 est,
460 1951 582 1986 frequens
593 1973 599 1984 ,
614 1957 640 1978 et
653 1953 817 1978 continuum.
833 1951 896 1978 Erat
909 1952 979 1978 enim
993 1959 1052 1979 mos

263 1997 362 2024 Judteis
375 2000 401 2023 et
414 1997 516 2031 vesperi
539 2001 566 2023 et
588 1996 637 2023 sub
651 2003 773 2022 auroram
789 1999 816 2022 et
829 1995 933 2030 singulo
948 2003 1053 2030 quoque

264 2042 306 2069 die
315 2042 471 2069 sacriﬁcium
482 2041 577 2068 olTerre
589 2042 652 2068 Deo.
667 2043 750 2075 Atque
761 2041 794 2068 de
805 2048 882 2068 causa
893 2042 1051 2068 sacriﬁcium

265 2087 327 2114 illud
349 2087 573 2115 cndclecbismum
585 2107 591 2118 ,
612 2086 637 2112 id
657 2090 698 2113 est
716 2086 915 2118 assiduitatem,
932 2087 1050 2114 vocabat.

266 2133 406 2167 Postquam
420 2133 498 2167 igitur
511 2132 620 2159 veniens
632 2131 778 2158 Antiochus
793 2131 863 2158 hunc
875 2139 975 2159 morem
991 2140 1051 2160 sns-

266 2179 325 2206 tnlit
343 2184 369 2206 et
388 2178 539 2205 immntavit
550 2186 556 2204 :
569 2177 619 2204 hoc
631 2181 681 2207 est.
694 2177 763 2211 quod
779 2177 815 2204 ait
827 2177 945 2212 angelus,
959 2178 980 2204 Α
992 2183 1053 2205 tem-

267 2232 327 2260 pore
341 2224 555 2251 trammutationis
570 2223 756 2256 endelec/tismi,
773 2223 822 2250 hoe
837 2228 887 2257 est,
904 2232 918 2251 a
935 2229 1052 2259 tempore

268 2279 318 2305 quo
330 2270 534 2297 commutabitur
546 2270 597 2296 hoc
608 2270 776 2303 sacriﬁcium,
791 2275 848 2297 sunt
861 2271 914 2297 dies
928 2271 996 2297 mille
1006 2271 1054 2298 du-

265 2316 329 2346 centi
341 2320 365 2342 et
381 2315 530 2350 nonaginta,
544 2314 594 2342 hoc
607 2320 647 2342 est
658 2335 665 2348 ,
681 2319 734 2342 tres
747 2315 808 2342 anni
823 2324 882 2343 cum
896 2315 1031 2343 dimidiato
1043 2337 1050 2348 ,

266 2370 298 2389 ac
312 2362 389 2396 paulo
400 2361 522 2395 amplius.
537 2361 637 2388 Deinde
651 2361 720 2396 quod
737 2367 792 2388 tum
808 2367 879 2389 esset
889 2361 992 2388 futurus
1005 2363 1052 2388 ho-

266 2415 325 2438 rnm
340 2407 469 2434 malorum
483 2407 542 2434 ﬁnis
560 2414 591 2434 ac
605 2408 747 2438 terminus.
763 2408 868 2442 subiicit
883 2417 889 2434 :
905 2407 996 2434 Beatus
1010 2409 1053 2442 qui

266 2453 410 2481 sustinuerit
423 2461 453 2480 ac
465 2453 599 2487 peruenerit
614 2461 691 2488 usque
705 2453 737 2480 ad
749 2454 802 2480 dies
814 2454 883 2480 mille
895 2459 1015 2481 trecentos
1029 2459 1052 2481 et

267 2499 370 2534 triginta
379 2499 485 2533 quinque
495 2507 505 2526 :
514 2499 587 2526 mille
597 2499 717 2526 ducentis
727 2499 868 2534 nonaginta
879 2499 979 2526 addens
989 2507 1053 2534 qua-

268 2544 387 2579 draginta
400 2544 525 2579 quinque.
537 2545 665 2578 Quoniam
680 2547 750 2572 enim
765 2545 790 2572 in
802 2553 893 2573 mense
905 2550 932 2573 et
944 2545 1053 2574 dimidio

267 2590 366 2616 mensis
376 2589 471 2617 accidit
483 2594 511 2617 ut
523 2590 600 2618 ﬁeret
614 2590 658 2618 ille
672 2590 811 2618 conﬂictus
823 2599 829 2616 :
843 2591 868 2617 in
884 2591 933 2618 hoc
944 2591 1052 2618 victoria

267 2633 310 2662 illa
325 2643 388 2670 pura
406 2635 474 2663 facta
495 2641 551 2670 est,
565 2641 593 2664 et
611 2637 728 2663 omnium
753 2637 881 2664 malorum
902 2638 1051 2672 urgentium

266 2682 438 2708 commutatio
449 2689 456 2707 :
469 2689 529 2708 cum
541 2686 629 2709 autem
643 2682 680 2709 ait
690 2690 696 2708 :
706 2682 797 2709 Beatus
808 2684 851 2718 qui
864 2683 1007 2710 sustinuerit
1019 2683 1053 2710 ad

267 2728 320 2754 dies
334 2728 403 2755 mille
416 2732 537 2754 trecentos
549 2729 651 2763 triginta
663 2729 780 2763 quinque,
794 2736 882 2756 rerum
893 2729 1054 2757 immutatio-

269 2781 329 2801 nem
344 2773 470 2800 declarat.
482 2773 571 2808 Neque
585 2773 738 2808 simpliciter
749 2773 825 2806 dixit,
837 2774 880 2809 qui
892 2775 1051 2809 pervenerit,

268 2825 359 2845 verum
380 2819 422 2853 qui
443 2818 588 2846 stutinuerit
609 2824 632 2846 et
652 2819 788 2853 pervenerit
808 2827 817 2846 :
838 2820 961 2854 quoniam
981 2819 1052 2847 enim

267 2864 343 2893 multi
358 2871 465 2897 eorum,
480 2864 524 2900 qui
537 2864 702 2900 impietatem
714 2869 915 2900 perpetrat-unt,
931 2866 1053 2894 viderunt

642 2915 656 2922 ς

624 164 652 192 S.
672 163 810 191 JOANNIS
827 157 1063 189 ClillYSOSTOMI
1082 156 1149 185 Αιιο
1160 157 1250 186 HIEP.
1269 157 1536 187 CONSTANTINOP.

1844 158 1898 186 896

1109 216 1353 248 commutationem,
1368 224 1420 243 non
1434 223 1481 243 eos
1492 215 1647 250 simpliciter
1658 215 1724 243 dixit
1737 216 1837 249 beatos,
1852 218 1900 245 sed

1107 269 1155 289 eos
1168 262 1212 296 qui
1233 262 1412 289 testimonium
1435 263 1602 296 praabnerant
1616 262 1642 289 in
1662 262 1756 290 diebus
1778 263 1901 291 alﬁietin-

1108 315 1182 338 num,
1205 315 1280 335 neea
1295 309 1391 342 pietate
1414 308 1599 338 desciverant:
1621 309 1719 337 deinde
1743 318 1902 345 eonseqnut:

1108 358 1169 379 sunt
1184 353 1372 380 relaxationem
1389 354 1407 379 ί.
1423 353 1484 381 Ideo
1506 361 1558 380 non
1580 354 1736 389 simpliciter
1755 355 1839 388 dixit,
1857 364 1901 389 qua

1108 399 1258 432 pervenerit
1272 407 1278 424 :
1294 399 1339 425 sed
1353 399 1395 434 qui
1409 400 1555 433 sustinuerit
1572 406 1594 426 et
1614 401 1760 435 pervenerit.
1775 401 1842 435 Quid
1860 403 1902 428 Ιιὶι

1107 450 1167 470 esse
1183 448 1269 477 potest
1280 443 1438 470 dilucidius?
1452 444 1532 472 Vides
1544 465 1550 476 .
1565 449 1592 472 ut
1605 453 1656 472 non
1672 453 1754 480 usque
1770 447 1801 473 ad
1816 455 1902 474 annos

1106 493 1150 514 aut
1164 496 1279 521 menses,
1292 489 1338 515 sed
1355 489 1387 515 ad
1401 497 1481 516 unum
1499 498 1581 525 usque
1596 491 1664 517 diem
1678 498 1781 518 summa
1797 499 1859 518 cura
1875 497 1902 520 et

1107 533 1286 567 captivitatem
1298 541 1322 562 et
1334 535 1494 569 captivitatis
1505 536 1663 563 solutionem
1679 537 1828 571 priedixerit
1839 546 1901 571 pro-

1107 580 1195 614 pheta.
1211 580 1298 615 Atque
1313 585 1340 607 ut
1353 581 1441 608 sciatis
1454 589 1497 608 me
1514 589 1565 608 non
1581 589 1614 608 cx
1629 582 1790 616 coiijcrturis
1807 583 1876 616 loqui
1890 604 1900 616 ,

1106 633 1154 661 age
1174 626 1339 661 proferamus
1362 633 1388 654 et
1411 627 1492 654 alium
1520 633 1613 654 testem
1637 636 1729 655 eorum
1750 637 1807 663 quin
1827 629 1899 656 dicta

1107 678 1177 705 sunt,
1194 681 1272 708 quem
1287 674 1322 700 illi
1343 673 1527 708 gravissimum
1549 673 1646 700 habent
1659 679 1804 705 auctorem,
1820 674 1900 701 Jnse~

1107 719 1186 754 phum
1202 720 1305 754 loquor,
1320 720 1364 754 qui
1378 720 1540 746 calamitates
1556 720 1660 746 illorum
1677 720 1788 754 tragicas
1798 720 1901 747 descri-

1107 765 1176 799 psit,
1197 772 1228 792 ac
1252 769 1326 792 vetus
1346 769 1531 796 testamentum
1552 772 1631 792 omne
1653 765 1723 792 velut
1744 765 1899 800 paraphrasi

1106 810 1190 837 fusius
1205 811 1356 845 explicavit,
1380 811 1424 845 qui
1440 810 1490 837 fuit
1511 814 1570 845 post
1583 810 1681 837 Christi
1698 811 1856 844 adventum,
1871 815 1899 838 et

1105 856 1282 890 captivitatem
1291 856 1324 882 ab
1335 856 1393 890 ipso
1404 856 1555 891 praedictam
1570 863 1791 888 commemorans,
1804 856 1836 883 de
1848 856 1899 883 hac

1105 909 1211 936 quoque
1223 902 1360 936 disseruit,
1374 902 1489 929 Daniclis
1498 902 1625 929 visionem
1637 910 1775 936 enarrans,
1785 902 1817 929 de
1828 902 1898 929 arie-

1106 953 1141 980 te,
1157 948 1190 975 de
1203 948 1288 980 hirco,
1302 948 1335 975 de
1355 953 1467 983 quatuor
1486 949 1611 976 cornibus
1623 970 1630 981 ,
1642 948 1675 976 de
1691 953 1824 983 postremo
1839 954 1900 983 post

1105 993 1150 1022 illa
1164 998 1267 1021 exorto.
1286 994 1320 1021 Et
1335 1001 1367 1021 ne
1380 994 1438 1028 quis
1461 999 1582 1029 suspecta
1603 994 1699 1021 habeat
1720 1002 1778 1029 quae
1792 1002 1807 1021 a
1820 994 1900 1022 nobis

1104 1039 1175 1067 dicta
1189 1039 1295 1071 fuerint,
1308 1047 1356 1075 age
1369 1039 1513 1067 referamus
1527 1044 1554 1067 et
1565 1039 1635 1066 illius
1651 1039 1740 1067 verba.

1139 1083 1245 1120 Josephi
1267 1084 1336 1112 locus
1354 1085 1472 1112 Judaica:
1495 1085 1664 1120 antiquitatis,
1683 1085 1714 1111 L.
1737 1086 1779 1113 10.
1802 1093 1826 1112 ι.
1851 1085 1896 1113 il.

1106 1131 1149 1159 η.
1164 1147 1200 1151 -
1214 1132 1278 1159 Cum
1298 1131 1369 1159 enim
1383 1131 1517 1158 laudasset
1535 1131 1677 1163 Danielem,
1693 1139 1823 1166 supraque
1838 1139 1897 1158 Ino-

1104 1176 1167 1203 dum
1177 1176 1324 1209 extulisset,
1334 1176 1437 1203 caneris
1445 1176 1567 1203 omnibus
1579 1176 1714 1211 prophetis
1722 1180 1896 1210 anteponens,

1104 1222 1137 1250 ad
1161 1223 1229 1250 hanc
1251 1221 1327 1249 venit
1347 1221 1492 1256 visionem,
1517 1227 1543 1249 et
1568 1221 1654 1249 dicit:
1671 1221 1785 1256 Reliquit
1807 1226 1897 1248 autem

1105 1267 1181 1295 nobis
1202 1275 1310 1294 suorum
1334 1268 1493 1302 scriptorum
1515 1271 1704 1299 monumenta,
1728 1267 1797 1294 unde
1820 1267 1898 1294 nobis

1105 1314 1183 1348 hujus
1194 1313 1340 1348 prophetia:
1353 1318 1472 1340 exactam
1484 1318 1511 1341 et
1523 1313 1700 1340 inevitabilem
1710 1313 1896 1340 certitudinem

1107 1360 1239 1395 pra-stitit.
1262 1361 1307 1386 Ait
1318 1360 1388 1387 enim
1405 1368 1411 1386 :
1427 1359 1519 1391 Susis,
1533 1367 1591 1394 qua:
1606 1360 1722 1387 Persidis
1737 1365 1775 1386 est
1799 1364 1897 1386 taetro-

1105 1404 1184 1440 polis.
1200 1413 1260 1433 cum
1283 1405 1391 1433 exiisset
1411 1406 1436 1432 in
1455 1413 1577 1440 campum
1591 1413 1651 1432 cum
1672 1406 1750 1433 sociis
1765 1406 1818 1433 suis
1839 1408 1899 1441 qui-

1104 1451 1225 1483 busdam,
1236 1451 1324 1478 subito
1333 1456 1410 1478 terra:
1420 1456 1492 1478 motu
1502 1451 1728 1486 concussioneqne
1739 1452 1841 1485 oborta,
1851 1461 1896 1480 rc-

1104 1497 1194 1524 lictum
1224 1496 1306 1524 fuisse
1338 1497 1422 1524 solum
1453 1496 1614 1532 fugientibus
1640 1497 1752 1524 casteris.
1781 1497 1812 1524 Et
1839 1498 1896 1532 ipse

1103 1542 1209 1578 quidem
1231 1550 1328 1577 pronus
1351 1542 1375 1569 in
1389 1542 1482 1569 faciem
1498 1542 1622 1575 concidit,
1644 1542 1750 1570 innixus
1769 1543 1896 1570 ambabus

1104 1589 1224 1616 manibus
1239 1597 1245 1615 :
1260 1588 1320 1616 dein
1334 1588 1376 1616 ubi
1387 1588 1516 1623 quispiam
1528 1592 1647 1623 tangeret
1660 1596 1732 1620 eum,
1745 1589 1897 1622 intercaquc

1101 1635 1206 1670 juberet
1226 1643 1333 1670 surgere
1345 1656 1353 1668 ,
1367 1642 1399 1662 ac
1419 1635 1509 1662 videre
1529 1642 1588 1669 qua:
1611 1638 1671 1669 post
1691 1634 1786 1661 multas
1805 1639 1896 1660 anates

1102 1682 1204 1709 civibus
1215 1686 1305 1709 essent
1317 1686 1446 1709 eventura
1458 1690 1465 1708 :
1475 1685 1564 1709 erecto
1580 1685 1754 1708 monstratum
1769 1680 1805 1706 ait
1815 1679 1896 1707 fuisse

1103 1730 1212 1757 arietem
1228 1729 1371 1764 ingentem,
1388 1729 1430 1755 cui
1453 1728 1535 1755 multa
1549 1728 1655 1762 quidem
1681 1731 1756 1754 enata
1772 1727 1824 1753 sint
1837 1734 1896 1752 eor-

1103 1783 1165 1809 nua,
1188 1775 1233 1802 sed
1249 1775 1341 1801 borum
1357 1779 1519 1810 postremum
1532 1774 1662 1801 excelsius
1686 1772 1767 1799 fuisse
1781 1772 1894 1799 caeteris.

1103 1821 1203 1849 Deinde
1216 1821 1355 1848 sustulisse
1376 1820 1468 1848 oculos
1481 1819 1513 1847 ad
1527 1827 1661 1852 occasum,
1677 1811 1826 1853 vidisseque
1839 1817 1894 1844 bir-

1103 1875 1175 1900 cum,
1189 1867 1232 1902 qui
1248 1875 1294 1902 per
1306 1874 1394 1893 aerem
1409 1866 1508 1900 impetu
1521 1865 1665 1892 ferebatur.
1682 1863 1757 1891 llunc
1771 1871 1895 1898 congres-

1103 1920 1162 1940 sum
1188 1913 1271 1940 l'uisse
1293 1919 1352 1939 cum
1375 1913 1469 1945 ariete,
1492 1915 1519 1938 et
1535 1911 1659 1937 cornibus
1674 1911 1753 1937 ictum
1779 1910 1818 1936 bis
1833 1917 1894 1937 eum

1104 1959 1129 1986 in
1145 1963 1241 1986 terram
1263 1957 1401 1991 dejecisse.
1424 1957 1656 1991 conculcasseque.
1674 1956 1772 1982 Deinde
1793 1955 1893 1981 hircum

1103 2003 1185 2031 fuisse
1198 2005 1282 2030 visum
1294 2003 1478 2033 excelsiorem,
1490 2010 1504 2029 e
1515 2001 1601 2028 fronte
1613 2002 1799 2036 producentem
1811 2009 1894 2028 cornu

1104 2051 1266 2082 maximum;
1291 2058 1323 2078 eo
1348 2049 1441 2080 fracto,
1463 2049 1512 2075 alia
1535 2049 1684 2075 excrevisse
1706 2053 1834 2083 quatuor,
1861 2047 1894 2074 ad

1103 2096 1221 2131 singulos
1242 2095 1351 2122 obversa
1372 2099 1475 2121 ventos.
1500 2093 1537 2120 Ex
1552 2093 1594 2120 his
1614 2098 1700 2120 autem
1716 2093 1785 2119 aliud
1807 2093 1895 2119 minus

1104 2146 1223 2169 cxortmn
1237 2141 1318 2168 fuisse
1331 2141 1445 2175 scripsit,
1466 2140 1535 2173 quod
1551 2139 1669 2166 increvit.
1688 2139 1793 2166 Dicebat
1805 2143 1893 2165 autent

1104 2187 1147 2221 qui
1172 2187 1228 2213 iure
1252 2186 1287 2213 illi
1310 2185 1466 2213 ostendebat
1486 2185 1572 2216 Deus,
1597 2184 1714 2211 futurum
1739 2189 1765 2210 ut
1787 2188 1894 2218 gentem

1106 2233 1187 2266 ipsius
1199 2232 1352 2261 debellaret.
1368 2231 1460 2258 urbem
1475 2231 1501 2257 vi
1523 2235 1640 2264 caperet,
1658 2229 1782 2264 templum
1795 2229 1894 2263 expila-

1104 2283 1154 2310 ret,
1178 2285 1253 2304 sacra
1272 2277 1424 2312 prohiberet
1438 2285 1444 2303 :
1459 2276 1575 2303 futurum
1595 2280 1682 2302 autern
1699 2275 1730 2302 ad
1752 2275 1808 2302 dies
1822 2275 1896 2302 mille

1104 2323 1232 2351 ducentos
1248 2323 1399 2358 nonaginta.

1140 2369 1283 2404 Explicatio
1298 2368 1400 2395 visionis
1416 2367 1538 2394 Danielis.
1553 2382 1588 2387 -—-
1602 2367 1664 2394 Hzec
1688 2366 1793 2401 quidem
1807 2374 1836 2393 se
1857 2366 1897 2392 vi-

1105 2414 1175 2442 disse
1199 2414 1224 2441 in
1239 2421 1332 2448 campo
1349 2414 1422 2448 juxta
1445 2413 1527 2440 Susas
1551 2413 1643 2439 Daniel
1657 2412 1764 2446 scripsit
1780 2421 1787 2438 :
1801 2419 1897 2438 eorum

1104 2464 1192 2487 autem
1205 2467 1263 2494 qua:
1280 2467 1327 2493 per
1339 2459 1424 2485 visum
1444 2461 1628 2493 apparuerant,
1645 2464 1659 2483 a
1675 2457 1727 2484 Deo
1742 2456 1899 2491 explicatio—

1105 2512 1165 2531 nem
1179 2505 1288 2539 supplex
1312 2504 1396 2538 petiit,
1411 2503 1565 2537 didicitque,
1588 2502 1657 2537 quod
1676 2502 1746 2528 aries
1767 2501 1898 2528 indicaret

1104 2558 1183 2585 regna
1199 2551 1339 2578 Persarum
1351 2557 1383 2577 ac
1396 2550 1544 2581 Medorum,
1559 2556 1657 2576 cornua
1671 2555 1735 2575 vero
1756 2555 1832 2582 reges
1853 2547 1898 2574 iu-

1105 2600 1187 2629 llﬂ'OS,
1200 2601 1347 2623 extremum
1359 2600 1446 2622 autem
1457 2602 1549 2627 COI'llll,
1562 2599 1723 2629 postremum
1737 2600 1827 2628 regem
1838 2592 1899 2620 fore

1136 2684 1144 2700 ί
1163 2687 1217 2708 Post
1226 2684 1279 2708 tum
1295 2684 1369 2708 verba
1385 2682 1486 2707 inferius
1503 2683 1587 2714 posita,
1608 2682 1695 2707 deinde
1706 2681 1826 2714 consecuti
1842 2686 1902 2707 sunt

1103 2713 1287 2745 relaxationem,
1309 2715 1332 2739 in
1346 2714 1423 2745 latina
1440 2713 1527 2745 tirasrhi
1550 2713 1750 2745 interpretatione
1769 2713 1823 2745 haec
1838 2714 1902 2744 εὐδίη

1103 2747 1198 2770 cinnt‘ar
1210 2752 1215 2769 :
1229 2750 1275 2770 Nec
1281 2743 1386 2776 amplius
1399 2744 1557 2776 patiebantur,
1570 2743 1624 2775 qm
1642 2744 1727 2776 merito
1735 2743 1901 2776 patiebantur,

1144 2776 1206 2801 inon
1219 2773 1379 2807 periturorum
1397 2773 1421 2800 in
1432 2778 1540 2807 tempore
1548 2773 1684 2807 certamen;
1705 2780 1734 2798 ac
1751 2773 1903 2807 probationis

1161 2783 1206 2800 non
1219 2783 1379 2806 peraurartmt
1397 2783 1421 2800 ut
1432 2783 1537 2807 tempore
1548 2783 1684 2799 cerunnuus
1705 2783 1734 2798 ac
1751 2783 1774 2805 p1
1781 2783 1903 2800 acvmeis

1108 2783 1221 2832 morum
1232 2813 1261 2831 ac
1272 2806 1398 2835 mulorum,
1410 2809 1434 2830 ut
1445 2805 1566 2830 instabiles
1586 2804 1612 2830 in
1630 2805 1697 2834 bono,
1710 2805 1903 2836 temporariiquc

1103 2837 1175 2863 amici
1185 2837 1353 2869 reperirentur.
1360 2841 1415 2865 Qua:
1420 2843 1474 2861 cum
1486 2837 1510 2860 in
1517 2836 1582 2860 nullo
1591 2836 1656 2861 edito
1663 2841 1743 2867 graece
1752 2836 1774 2860 in
1781 2835 1902 2868 nulloque

1105 2873 1157 2895 uss.
1170 2868 1332 2901 reperiantur,
1342 2868 1398 2899 jure
1410 2871 1531 2899 expunet:
1542 2870 1607 2892 sunt.
