2043 3116
183 91 234 119 897

184 158 229 194 qui
242 158 291 185 hos
316 163 408 183 omnes
430 161 608 191 praecessurus
630 158 700 181 esset
723 158 778 180 tum
799 153 893 188 apibus
917 158 971 179 tum

181 203 274 238 gloria.
288 201 418 229 Caeterum
432 201 521 228 hircus
529 199 726 234 signiﬁcabatet
735 207 766 226 ex
777 198 876 226 Graecis
891 197 973 224 oritu-

182 255 240 274 rum
256 253 354 281 regem,
371 246 414 280 qui
428 245 469 272 bis
483 251 642 280 congressus
654 251 714 271 eum
730 243 808 270 Persa
824 242 914 277 praelio
927 250 973 269 sn-

183 300 297 328 perarel,
313 293 448 320 ablaturus
462 292 615 319 universum
631 290 701 318 illius
725 291 911 325 principatum.
927 289 971 317 Si-

183 339 335 374 gniﬁcatnm
350 343 437 365 autem
453 337 534 364 fuisse
549 345 595 372 per
607 337 720 371 primum
740 344 863 371 magnum
877 343 970 367 corntt,

184 384 253 419 quod
268 388 326 410 erat
341 382 367 410 in
383 382 468 410 fronte
489 382 566 415 hirci,
582 383 694 416 primttm
709 389 806 416 regem,
821 387 848 408 et
861 386 973 415 quatuor

183 429 289 456 illorum
308 432 439 455 exortum.
465 428 512 455 Illo
526 432 612 454 autem
635 427 725 454 exciso
746 426 886 461 significari
899 425 972 460 juxta

183 479 296 508 quatuor
307 481 403 500 cornua
417 473 579 508 singulorum
590 479 771 499 successorum
783 476 902 498 exortum
915 475 974 504 ροει

184 523 296 546 mortem
314 519 391 553 primi
412 519 491 553 regis,
509 517 618 552 fereque
641 522 670 544 ut
689 525 799 552 regnum
815 517 886 543 illius
904 516 974 543 inter

184 564 282 590 mullos
304 562 474 595 divideretur,
499 562 713 598 quandoquidem
736 562 834 596 primus
858 561 902 588 ille
926 568 975 588 nec

185 609 253 635 ﬁlios
275 617 323 636 nec
348 609 440 636 fratres
468 613 539 636 esset
562 609 709 640 habiturus,
733 615 830 642 eosque
854 607 973 642 pluribus

185 655 261 681 annis
284 659 439 689 regnaturos
462 654 487 680 in
510 654 574 681 orbe
597 658 735 681 terrarum.
759 653 797 679 Ex
820 652 861 679 his
883 660 974 679 rursus

185 703 337 726 exorturum
359 707 447 733 regem
471 698 621 733 quemdam,
636 699 679 733 qui
695 703 890 732 expugnaturus
905 701 975 724 esset

185 748 212 770 et
222 744 293 779 leges
306 744 375 770 illius
388 743 483 778 gentis,
495 749 521 771 et
534 743 688 777 religionem
696 751 727 770 ac
740 743 805 770 ritus
813 743 973 775 sublaturus,

151 781 154 784 ’
186 793 240 815 tulit
266 789 404 824 sacrilegio
427 790 586 823 spoliaturus
608 789 750 823 templum,
777 796 807 815 ac
832 788 974 815 triennium

186 835 313 861 vetiturus
326 834 382 861 ﬁeri
395 842 480 861 sacra.
497 834 560 861 Haec
573 841 637 861 sane
650 838 745 861 vestrae
758 833 827 868 genti
847 833 900 867 jam
923 833 975 867 pati

186 879 295 912 contigit
314 879 348 906 ab
367 879 497 905 Antiocho
519 878 665 913 Epiphane,
685 878 754 905 sicut
773 878 865 905 Daniel
887 878 976 904 multis

188 928 249 950 ante
261 924 337 950 anuis
359 923 495 958 przedixit,
510 924 667 958 scripsitque
681 928 817 950 eventura.

226 969 251 995 9.
267 970 322 1004 Age
343 969 404 1004 qttid
420 969 460 997 his
474 970 555 1004 possit
568 976 627 997 esse
640 969 808 997 evidentius?
822 968 895 996 Nune
909 972 976 995 tem-

187 1023 235 1048 pus
249 1020 298 1047 est,
311 1015 358 1042 nisi
372 1015 492 1042 videmur
504 1023 562 1042 esse
577 1015 692 1048 molesti,
705 1020 730 1042 ut
743 1015 774 1042 ad
787 1015 811 1042 id
822 1015 891 1050 quod
905 1023 978 1049 qum-

187 1061 295 1088 rcbatur
318 1066 491 1093 revertantur,
521 1062 588 1088 hanc
614 1066 771 1094 praisentem
796 1061 976 1095 captivitatem

188 1113 219 1132 ac
241 1107 393 1134 servitutem
418 1107 584 1138 hodiernam,
605 1106 681 1141 cujus
703 1106 786 1141 gratia
808 1105 865 1132 haec
889 1105 976 1132 omnia

189 1153 330 1180 movimus.
355 1153 474 1187 Agedum
507 1153 585 1188 igitur
606 1160 675 1179 nunc
695 1152 860 1186 vigilantibus
884 1150 979 1178 animis

188 1198 357 1227 auscultate:
375 1207 426 1225 non
450 1198 520 1225 enitn
547 1198 623 1224 nobis
650 1204 696 1232 pro
721 1198 800 1224 rebus
829 1197 979 1231 vulgaribus
994 1213 1016 1234 ν

189 1249 323 1272 certamen
339 1249 391 1270 est.
405 1243 555 1270 Absurdnm
569 1243 639 1270 enim
661 1243 739 1270 fuerit
753 1243 819 1270 alios
832 1243 856 1269 in
870 1242 979 1269 theatris

189 1288 312 1315 sedentes
332 1287 518 1322 Olympiacisa
534 1287 618 1314 media
643 1291 719 1314 nocte
742 1294 825 1321 usque
838 1286 871 1313 ad
895 1286 975 1313 meri—

190 1333 259 1359 diem
275 1333 427 1367 perdurare,
443 1337 626 1366 exspectantes
639 1336 667 1359 ut
687 1332 803 1364 videant,
817 1332 859 1358 cui
873 1338 979 1358 ces~ura

190 1379 224 1405 sit
250 1385 358 1411 corona,
384 1378 506 1413 nudoque
529 1378 616 1412 capite
649 1378 774 1412 excipere
797 1377 895 1404 calidos
917 1378 980 1405 solis

191 1424 287 1454 radios,
305 1431 353 1450 nec
368 1424 440 1457 prius
459 1423 613 1456 abscedere,
629 1431 707 1458 quam
721 1423 755 1450 de
769 1423 912 1450 certamine
926 1422 981 1450 lite-

191 1469 224 1495 rit
239 1469 440 1503 pronunciatum
455 1477 462 1495 :
478 1476 526 1495 nos
541 1476 604 1495 vero
620 1475 698 1501 nunc,
720 1476 779 1495 cum
798 1474 932 1495 certamen
947 1468 981 1495 sit

192 1521 242 1541 non
257 1522 304 1549 pro
316 1514 360 1541 tali
373 1521 481 1546 corona,
499 1513 546 1541 sed
567 1522 615 1548 pro
627 1521 725 1540 corona
740 1513 892 1546 immortali,
909 1513 981 1540 dela-

193 1559 267 1594 tigari
284 1567 314 1586 ac
334 1559 413 1586 ta‘dio
435 1558 515 1585 allici.
541 1558 630 1593 Itaque
649 1558 719 1593 quod
743 1563 796 1585 tres
816 1558 981 1592 captivitales

192 1605 326 1640 prmdictae
349 1604 447 1632 fuerint
465 1608 606 1639 antequam
621 1604 778 1636 acciderent,
793 1611 844 1630 una
859 1611 917 1638 qum
932 1611 982 1630 an-

193 1658 241 1678 nos
256 1651 369 1678 habebat
379 1651 597 1686 quadringentos,
609 1650 691 1677 altera
704 1650 878 1684 septuaginta,
893 1650 980 1683 tertia,

193 1701 249 1723 tres
264 1704 295 1723 ac
309 1696 485 1729 dimidiatum,
510 1696 638 1723 hactenus
652 1696 716 1722 satis
729 1700 769 1722 est
784 1695 859 1722 nobis
871 1695 982 1722 dt-mon-

193 1745 315 1767 stratum.
339 1741 393 1775 Age
411 1745 532 1775 superest
545 1745 574 1768 ttt
588 1741 661 1768 etde
683 1741 733 1768 hac
746 1741 893 1774 loquamur.
908 1741 982 1774 Quod

194 1786 263 1813 enim
278 1790 304 1813 et
325 1786 357 1813 de
371 1786 421 1812 hac
433 1786 590 1813 vaticinatus
608 1785 641 1812 sit
654 1785 791 1820 propheta,
807 1793 897 1813 rursus
910 1793 984 1813 eum~

193 1831 252 1858 dem
267 1831 410 1866 Josephum
425 1831 585 1858 adducamus
601 1836 705 1864 testem,
720 1832 764 1866 qui
778 1839 837 1858 cum
858 1832 908 1858 illis
925 1831 982 1866 (Ju-

196 1875 272 1911 daris)
294 1877 383 1904 sentit.
399 1876 540 1911 Postquam
563 1877 634 1904 enim
657 1877 700 1904 illa
715 1877 826 1908 dixerat,
842 1877 901 1903 audi
921 1876 983 1911 quid

195 1926 254 1956 post
274 1922 415 1956 subjiciat:
432 1921 532 1949 Eodem
556 1926 655 1955 autem,
679 1922 771 1956 inquit,
788 1923 868 1949 modo
894 1922 983 1949 Daniel

195 1973 222 1996 et
243 1968 276 1996 de
298 1969 477 1995 Romanorum
500 1969 646 2004 principatu
669 1968 783 2003 scripsit,
807 1968 928 2003 quodque
951 1968 984 1995 ab

195 2014 248 2041 illis
268 2014 385 2041 tollenda
400 2017 471 2041 esset
489 2013 664 2048 Jerosolyma,
680 2020 711 2040 ac
723 2013 895 2040 dcsolandum
919 2018 985 2040 tem-

196 2060 279 2094 plum.
303 2059 342 2086 Tu
358 2066 421 2086 vero
446 2058 509 2086 illud
530 2058 593 2085 mihi
617 2058 765 2091 considera,
789 2059 858 2093 quod
881 2059 983 2086 tametsi

196 2106 302 2133 Jndteus
324 2110 395 2133 esset
417 2105 439 2133 is
461 2105 506 2140 qui
521 2105 578 2132 htec
599 2105 713 2140 scripsit,
729 2110 816 2132 tamen
832 2105 931 2132 veritus
944 2109 984 2132 est

199 2157 314 2178 vestram
337 2151 432 2178 imitari
456 2151 641 2185 pervicaciam.
663 2150 768 2178 Etenim
782 2158 841 2178 cum
857 2151 983 2183 dixisset,

196 2196 400 2225 subvertendam
427 2204 486 2224 esse
514 2196 727 2232 Jerosolymam,
753 2204 806 2224 non
838 2204 919 2224 ausus
944 2203 984 2225 est

195 2244 303 2275 addere,
318 2243 387 2278 quod
401 2248 471 2270 esset
482 2243 654 2276 restituenda,
668 2251 752 2278 neqtte
765 2248 867 2278 tempus
878 2244 982 2278 aliquod

195 2294 297 2315 certum
322 2288 512 2323 praescribere;
528 2288 574 2315 sed
597 2288 721 2323 quoniam
736 2289 844 2322 sciebat,
868 2289 984 2324 prophe-

197 2339 250 2360 tam
282 2341 333 2360 non
362 2333 506 2368 prtrtinisse
534 2339 655 2367 tempus,
681 2341 839 2368 quamquam
861 2335 984 2368 superius

196 2388 323 2408 enarrans
339 2381 461 2408 Antiochi
476 2381 610 2408 victoriam
623 2388 654 2407 ac
671 2380 871 2412 desolationem,
887 2387 914 2407 et
927 2381 983 2408 dies

196 2430 222 2453 et
236 2433 322 2453 annos
336 2431 513 2461 expresserat,
530 2431 594 2461 quot
607 2426 745 2461 captivitas
757 2430 828 2453 esset
841 2426 982 2453 duratura:

197 2470 229 2497 de
253 2471 363 2498 victoria
396 2472 574 2499 Romanorum
607 2472 671 2499 nihil
691 2471 838 2498 istiusmodi
859 2472 983 2507 loquutus

196 2519 237 2542 est
254 2524 260 2542 :
275 2516 321 2543 sed
334 2517 402 2550 quod
417 2522 487 2544 esset
500 2518 526 2544 in
539 2517 708 2545 solitudinem
722 2517 863 2551 redigenda
877 2517 984 2544 Jeroso-

198 2561 277 2595 lyma,
293 2561 471 2596 templumque
493 2562 659 2590 diruendum.
679 2563 808 2592 Cancrum
821 2561 890 2597 quod
912 2566 982 2589 esset

197 2606 337 2639 aliquando
353 2610 478 2634 venturus
490 2607 549 2635 linis
563 2607 733 2635 desolationis
752 2615 804 2634 non
818 2606 928 2639 addidit,
950 2614 983 2634 eo

197 2650 267 2684 quod
282 2650 393 2683 videret,
417 2659 449 2679 ne
473 2652 627 2687 prophetam
643 2653 747 2687 quidem
769 2652 820 2680 ltoc
838 2652 981 2679 addidisse.

198 2695 261 2722 "1‘00
283 2700 370 2723 autem
394 2697 493 2729 omnia,
509 2698 556 2730 ait,
582 2698 635 2725 Dco
657 2698 706 2733 ipsi
727 2701 901 2730 monstrante,
919 2705 981 2724 con«

198 2745 293 2775 scripta
308 2742 423 2776 reliquit,
438 2748 466 2769 ut
479 2744 521 2777 qui
537 2743 647 2778 legerint
660 2748 686 2771 et
699 2744 819 2771 evenisse
834 2751 977 2778 conspexe-

198 2785 260 2818 rim,
287 2785 421 2814 Danielem
443 2787 605 2816 admirentur
617 2788 652 2816 ob
676 2789 803 2816 honorem
826 2789 861 2816 illi
886 2795 900 2815 a
928 2788 980 2816 Deo

797 93 977 122 ADVERSUS
1007 95 1042 123 Jl)
1049 95 1145 124 DIEOS
1164 95 1195 124 ν.

1759 99 1810 128 898

1027 152 1153 179 habitutn.
1165 151 1214 180 Ubi
1229 152 1308 187 igitur
1319 152 1415 180 dixerit
1439 153 1539 186 Daniel,
1560 153 1616 181 fore
1635 159 1662 182 ut
1685 156 1812 189 templum

1026 197 1190 232 redigeretur
1204 198 1229 224 in
1251 198 1430 231 solitudinem,
1456 207 1504 228 nos
1519 199 1644 234 deinceps
1659 201 1813 229 considere-

1025 249 1095 268 mus.
1112 241 1176 268 Nam
1191 242 1234 270 ubi
1251 243 1426 277 precationem
1446 244 1516 270 illam
1539 245 1564 271 itt
1587 252 1665 272 sacco
1680 249 1706 272 et
1724 246 1815 274 cinere

1027 286 1182 321 perfecerat,
1207 287 1279 314 venit
1300 287 1333 314 ad
1358 295 1417 315 eum
1442 288 1557 322 Gabriel,
1581 293 1607 316 et
1627 290 1663 317 ait
1680 299 1687 318 τ
1702 290 1813 325 Septua-

1025 332 1094 366 ginta
1104 332 1269 359 hebdomadea
1281 333 1588 366 abbreviata'suntsuper
1596 335 1718 369 populum
1731 340 1812 368 tuum,

1026 381 1050 403 et
1071 385 1147 412 super
1161 377 1283 404 civitatem
1300 384 1413 404 sanctam
1436 378 1515 413 (Dan.
1532 379 1558 406 9.
1581 379 1638 414 24).
1659 381 1736 412 Ecce,
1752 381 1792 408 hic
1805 401 1814 413 ,

1026 423 1111 457 inquit
1131 423 1243 458 aliquis,
1259 428 1285 451 et
1303 429 1406 458 tempus
1428 432 1582 459 expressum
1608 430 1658 453 est.
1681 426 1812 460 Tempus,

1026 477 1078 496 non
1093 469 1261 504 captivitatis,
1278 470 1324 497 sed
1347 475 1406 505 post
1420 476 1544 505 quantum
1561 472 1686 506 temporis
1699 472 1815 499 reditura

1026 518 1097 541 esset
1118 515 1265 549 captivitas.
1289 515 1367 542 Aliud
1388 523 1450 543 vero
1472 520 1575 551 tempus
1590 517 1730 544 dicendum
1752 522 1814 550 est,

1027 560 1151 594 quamdiu
1176 565 1246 587 65:8!
1266 561 1390 588 duratura
1412 561 1560 596 captivitas,
1584 571 1688 590 rursum
1712 567 1816 598 tempus

1027 608 1088 639 pest
1107 605 1177 640 quod
1200 610 1271 633 esset
1285 610 1404 633 ventura.
1420 607 1596 642 Septuaginta,
1611 607 1705 642 inquit,
1720 608 1814 634 hebdo-

1027 650 1113 677 made:
1127 651 1277 678 abbreviata:
1286 657 1344 678 sunt
1357 661 1432 686 super
1454 653 1575 687 populum
1589 658 1657 679 tuum
1673 662 1681 680 :
1698 661 1748 680 non
1760 653 1815 688 jam

1027 702 1107 729 super
1118 696 1243 730 populum
1253 704 1351 724 meum.
1363 697 1440 732 Atqui
1451 697 1577 732 propheta
1586 698 1697 729 dixerat,
1709 697 1816 725 Ostende

1027 740 1116 775 facient
1128 747 1194 767 tuam
1204 750 1280 776 super
1291 743 1411 777 populum
1424 747 1503 775 tuum,
1517 743 1563 770 sed
1576 743 1645 770 Deus
1659 744 1730 770 illum
1745 749 1816 778 post-

1028 785 1077 813 hac
1091 794 1138 821 pro
1148 786 1233 814 alieno
1246 787 1319 814 ducit
1334 792 1442 822 propter
1459 788 1572 814 futuram
1588 788 1734 815 audaciam.
1754 788 1814 815 Mox

1027 836 1055 859 et
1076 840 1182 859 causam
1203 834 1326 867 exprimit
1341 841 1346 858 :
1361 833 1447 860 Donec
1475 835 1616 867 antiquetur
1638 834 1772 867 delictum,
1794 840 1817 860 et

1028 883 1213 905 consummetur
1224 884 1361 913 percolunt.
1375 879 1441 912 Quid
1455 884 1495 906 est
1508 879 1567 912 ltoc,
1577 879 1655 906 donec
1664 888 1818 906 consumme-

1029 928 1069 950 tur
1091 924 1237 958 peccatum?
1257 924 1346 956 Multa,
1369 925 1463 959 inquit,
1487 929 1605 958 peccant,
1628 925 1674 952 sed
1689 924 1817 951 malorqu

1029 969 1159 1004 fastigium
1176 974 1237 997 tunc
1260 971 1325 1003 erit,
1339 978 1398 997 cum
1415 971 1551 998 Dominum
1567 979 1642 998 suum
1664 971 1818 998 occiderint.

1030 1016 1062 1042 Et
1077 1016 1125 1042 ltoc
1141 1016 1206 1042 dixit
1226 1016 1346 1043 Christus
1361 1026 1367 1043 :
1381 1016 1490 1050 Implete
1509 1026 1648 1044 mensuram
1663 1023 1762 1053 patrum
1777 1026 1819 1044 ve-

1031 1065 1140 1088 strorum
1157 1060 1261 1096 (Matth.
1284 1062 1329 1088 23.
1346 1061 1403 1095 5‘2).
1419 1062 1515 1089 Servos
1528 1063 1672 1095 occidistis,
1693 1062 1780 1090 addite
1793 1068 1820 1090 et

1032 1106 1136 1134 Domini
1160 1107 1324 1141 sanguinem.
1349 1106 1414 1134 Vide
1436 1107 1567 1142 quomodo
1582 1108 1742 1136 concordant
1756 1115 1819 1135 sen-

1031 1152 1130 1179 tentiae.
1151 1151 1273 1179 Christus
1295 1152 1377 1184 dixit,
1399 1152 1499 1187 implete
1513 1160 1522 1179 .'
1535 1153 1662 1187 propheta
1682 1153 1735 1185 ait,
1759 1161 1820 1180 con-

1030 1202 1169 1224 summetur
1188 1204 1316 1232 peccatum
1330 1202 1356 1225 et
1377 1198 1507 1233 signentur
1528 1203 1638 1233 peccata.
1662 1199 1729 1232 Quid
1749 1200 1819 1226 enim

1030 1247 1080 1275 est,
1096 1244 1224 1277 signentur
1234 1244 1247 1270 γ
1257 1243 1296 1271 Nc
1309 1243 1371 1278 quid
1386 1249 1512 1278 przeterea
1524 1244 1651 1279 reliquum
1663 1245 1717 1271 tiat.
1732 1244 1764 1270 Et
1775 1245 1822 1271 ad-

1031 1288 1107 1315 ducat
1118 1289 1245 1324 justitiam
1267 1289 1452 1323 setupiternam.
1468 1289 1535 1323 Quid
1556 1295 1644 1317 autem
1660 1294 1701 1316 est
1715 1294 1814 1317 :eterna

1029 1335 1141 1369 justitia,
1163 1335 1213 1362 nisi
1235 1343 1294 1370 qua:
1309 1343 1324 1362 a
1338 1335 1445 1362 Christo
1460 1335 1519 1362 data
1540 1337 1599 1363 est?
1613 1336 1646 1362 Et
1662 1336 1739 1362 donec
1753 1337 1821 1362 οι)δὶ-

1032 1385 1122 1416 gnetur
1134 1381 1194 1408 visio
1206 1387 1229 1408 et
1239 1382 1360 1417 propheta
1371 1387 1393 1408 et
1403 1383 1538 1417 inungatur
1549 1387 1649 1409 sanctus
1658 1388 1799 1409 sum-torum
1812 1389 1821 1409 :

1033 1426 1084 1454 hoc
1096 1430 1147 1459 est,
1158 1427 1252 1453 sistere
1262 1431 1367 1460 oportet
1380 1427 1489 1461 posthac
1504 1427 1654 1462 prophetias
1669 1447 1674 1453 .
1691 1427 1741 1454 hoc
1751 1427 1821 1454 enim

1032 1476 1074 1498 est
1087 1471 1236 1506 obsignare,
1256 1472 1351 1498 sistere
1377 1472 1539 1505 unctionem,
1564 1472 1658 1499 sistere
1680 1472 1820 1499 visionem.

1034 1516 1094 1544 Ideo
1116 1516 1236 1544 Christus
1249 1516 1314 1544 dixit
1329 1525 1336 1543 :
1352 1516 1406 1544 Lea;
1417 1521 1440 1543 et
1453 1517 1580 1552 prop/tetra
1593 1525 1669 1552 usque
1688 1517 1722 1544 ad
1739 1517 1821 1544 Joan-

1033 1569 1090 1588 nem
1113 1561 1168 1596 (ld.
1195 1562 1309 1596 “.15).
1333 1561 1413 1589 Vides
1434 1566 1462 1589 ut
1489 1562 1546 1589 h:cc
1569 1562 1747 1589 omnimodam
1771 1563 1822 1589 mi-

1033 1612 1130 1634 nentur
1151 1607 1352 1639 desolationem,
1366 1615 1397 1634 ac
1418 1608 1549 1635 scelerum
1571 1607 1822 1641 malefactorumquo

1033 1653 1185 1680 vindictam.
1209 1653 1266 1680 Non
1287 1653 1356 1680 enim
1380 1653 1541 1680 indulturum
1564 1661 1611 1687 se,
1635 1653 1682 1681 sed
1708 1654 1822 1680 ulturum

1034 1704 1140 1733 pecca'a
1156 1699 1271 1732 illorum,
1285 1699 1401 1726 minatur
1417 1699 1496 1726 Deus.

1071 1743 1115 1770 10.
1132 1744 1243 1777 Quando
1258 1743 1362 1770 tandem
1386 1743 1436 1770 hoc
1451 1743 1546 1770 factum
1559 1743 1621 1770 est?
1636 1743 1746 1777 Quando
1760 1751 1822 1778 pro-

1035 1787 1130 1823 phetia:
1144 1795 1251 1822 prorsus
1266 1789 1395 1816 sublatze?
1414 1789 1525 1822 Quando
1541 1789 1631 1816 unctio
1651 1790 1689 1816 sic
1703 1793 1744 1817 est
1758 1791 1823 1817 sub«

1035 1834 1098 1868 lata,
1113 1839 1142 1862 ut
1154 1842 1295 1870 numquam
1313 1835 1347 1862 sit
1361 1835 1498 1862 reditura?
1521 1836 1552 1862 Et
1566 1835 1589 1862 si
1610 1843 1657 1863 nos
1679 1835 1803 1862 sileamus
1814 1856 1822 1866 ,

1035 1880 1085 1915 ipsi
1113 1880 1212 1915 lapides
1243 1880 1394 1907 clamabunt
1415 1890 1421 1908 :
1443 1880 1510 1908 adeo
1535 1880 1672 1908 manifesta
1702 1885 1743 1908 est
1768 1880 1823 1915 ipsa

1036 1934 1124 1954 rerum
1137 1934 1187 1953 vox
1200 1935 1206 1958 ;
1223 1933 1272 1953 nec
1287 1926 1357 1954 enim
1372 1931 1479 1960 possunt
1493 1925 1561 1952 aliud
1575 1930 1678 1960 tempus
1693 1925 1822 1960 proferre,

1035 1978 1089 2005 quo
1100 1971 1156 1999 ha‘c
1169 1975 1242 2005 gesta
1258 1975 1328 2003 sunt,
1352 1978 1429 2005 quam
1450 1971 1500 1998 hoc
1515 1971 1619 2005 longum
1634 1979 1665 1998 ac
1680 1978 1801 2005 magnnm
1814 1991 1822 2003 ,

1036 2016 1083 2044 sed
1107 2016 1192 2051 majus
1213 2017 1291 2043 etiam
1316 2016 1443 2043 futurum.
1467 2015 1588 2043 Posthtrc
1608 2016 1726 2043 exactius
1744 2016 1823 2043 etiam

1036 2061 1124 2089 dehis
1138 2061 1257 2097 loquens,
1274 2061 1310 2088 ait
1326 2070 1333 2088 τ
1348 2061 1382 2088 Et
1395 2069 1525 2096 cognosce:
1540 2066 1562 2088 et
1578 2061 1699 2096 intelliges
1711 2061 1742 2088 ab
1756 2062 1823 2089 exitu

1035 2107 1166 2140 sermonis,
1187 2112 1213 2134 ut
1225 2107 1410 2141 respondeatur,
1426 2111 1499 2140 utque
1512 2106 1649 2140 a'dt'ﬁcetur
1661 2106 1800 2133 Jerusalem
1814 2127 1822 2140 ,

1037 2161 1115 2187 usque
1124 2152 1158 2178 ad
1181 2152 1307 2179 Christum
1319 2152 1417 2184 ducent,
1428 2151 1593 2178 hebdomade;
1607 2156 1710 2186 septem,
1723 2156 1747 2178 et
1766 2151 1823 2178 lteb-

1037 2199 1156 2226 denudet
1168 2199 1298 2233 sexaginta
1312 2198 1370 2225 dua:
1380 2197 1460 2232 (Dan.
1478 2198 1505 2225 9.
1517 2198 1574 2233 25).

1071 2244 1214 2280 Explicatio
1229 2243 1411 2270 hebdomadam
1424 2242 1546 2270 Danielis.
1561 2258 1596 2263 —
1614 2243 1661 2270 llic
1675 2243 1738 2270 mihi
1761 2243 1822 2270 dili-

1036 2295 1129 2325 genter
1150 2290 1304 2322 auscultate,
1322 2297 1381 2316 nam
1395 2293 1437 2316 est
1452 2289 1530 2315 totius
1544 2289 1699 2323 qumstionis
1720 2288 1801 2315 cardo
1816 2297 1823 2314 :

1036 2336 1213 2363 hebdomadas
1237 2341 1337 2370 septem
1361 2339 1388 2362 et
1410 2334 1587 2362 hebdomach
1608 2334 1740 2369 sexaginta
1764 2334 1823 2360 dute

1036 2380 1179 2408 coniiciunt
1202 2387 1286 2406 annos
1309 2380 1516 2414 quadringentos
1532 2379 1664 2413 octoginta
1686 2383 1749 2405 tres.
1770 2377 1823 2404 Nec

1036 2427 1106 2454 enim
1121 2426 1164 2453 hic
1176 2426 1239 2453 dicit
1254 2426 1432 2453 hebdomadas
1444 2426 1546 2452 dierum
1562 2429 1607 2452 aut
1621 2425 1762 2456 mensium,
1776 2424 1822 2452 sed

1036 2473 1188 2500 annorum'.
1214 2472 1279 2499 Nam
1295 2471 1390 2507 aCyro
1412 2479 1497 2506 usqttc
1520 2471 1552 2498 ad
1579 2471 1735 2498 Antiochum
1758 2470 1817 2504 Epi-

1035 2518 1148 2553 phanem
1164 2522 1190 2546 et
1204 2518 1381 2553 captivitatem
1401 2517 1471 2544 illam
1486 2521 1546 2544 sunt
1568 2516 1629 2543 anni
1652 2515 1761 2543 trecenti
1775 2522 1822 2542 no~

1035 2562 1141 2598 naginta
1167 2567 1289 2598 quatuor.
1315 2562 1404 2597 Itaque
1425 2561 1564 2589 declarans
1589 2568 1618 2588 se
1642 2568 1694 2587 non
1719 2560 1752 2587 de
1778 2560 1821 2588 illa

1035 2611 1125 2645 templi
1147 2610 1309 2637 desolatione
1323 2609 1406 2644 loqui,
1419 2608 1467 2636 sed
1481 2616 1524 2639 ea,
1538 2615 1597 2643 quze
1617 2607 1663 2634 fuit
1677 2611 1736 2641 post
1750 2607 1821 2634 illam

1035 2656 1084 2684 sub
1098 2656 1234 2691 Pompeio,
1258 2655 1420 2689 Vespasiano
1445 2658 1470 2681 et
1492 2653 1562 2686 Tito,
1588 2652 1698 2680 ulterius
1722 2651 1821 2687 profert

1066 2732 1075 2748 ¹
1092 2734 1146 2756 Haec
1160 2737 1276 2755 annorum
1286 2731 1421 2786 sgpputatio
1431 2737 1445 2754 a
1455 2734 1512 2762 cyro
1524 2729 1553 2754 ad
1565 2729 1702 2754 Antiochum
1720 2729 1767 2760 Epi;
1777 2728 1820 2752 ha-

1068 2768 1093 2786 m
1111 2762 1204 2786 matmis
1219 2766 1257 2786 est
1273 2762 1296 2786 di
1322 2762 1450 2786 ctzluitibus
1467 2762 1587 2786 obnoxra.
1610 2763 1637 2785 ut
1657 2760 1739 2784 videas
1757 2759 1819 2786 atad

1035 2768 1093 2795 nem
1111 2762 1204 2795 magnis
1219 2766 1257 2787 est
1273 2759 1450 2795 ditiic'tzluuibus
1467 2759 1587 2790 obnoxta,
1610 2763 1637 2795 ut
1657 2760 1739 2795 videas
1757 2759 1819 2795 apud

1037 2792 1199 2824 Chrenologos
1209 2795 1367 2823 recentiores,
1379 2793 1533 2823 Scaligeruw,
1545 2792 1674 2822 Petavium,
1689 2792 1816 2815 Usseriuuh
