  <div class='ocr_page' id='page_1' title='image "/cluster/home/n/w/nwhite01/storage/ocr_20150623/47-48/njp.32101077772612/867.png"; bbox 0 0 2006 3124; ppageno 0'>
   <div class='ocr_carea' id='block_1_1' title="bbox 230 127 282 156">
    <p class='ocr_par' dir='ltr' id='par_1_1' title="bbox 230 127 282 156">
     <span class='ocr_line' id='line_1_1' title="bbox 230 127 282 156; baseline 0.038 -2"><span class='ocrx_word' id='word_1_1' title='bbox 230 127 282 156; x_wconf 64' lang='grc' dir='ltr'><strong>ΩΩΒ</strong></span> 
     </span>
    </p>
   </div>
   <div class='ocr_carea' id='block_1_2' title="bbox 231 184 1026 223">
    <p class='ocr_par' dir='ltr' id='par_1_2' title="bbox 231 184 1026 223">
     <span class='ocr_line' id='line_1_2' title="bbox 231 184 1026 223; baseline -0.008 -7"><span class='ocrx_word' id='word_1_2' title='bbox 231 193 348 223; x_wconf 82' lang='lat' dir='ltr'><strong>tempus,</strong></span> <span class='ocrx_word' id='word_1_3' title='bbox 364 193 480 223; x_wconf 71' lang='lat' dir='ltr'><strong>moxque</strong></span> <span class='ocrx_word' id='word_1_4' title='bbox 502 185 601 214; x_wconf 89' lang='lat' dir='ltr'><strong>docens</strong></span> <span class='ocrx_word' id='word_1_5' title='bbox 624 193 683 219; x_wconf 90' lang='lat' dir='ltr'><strong>nos,</strong></span> <span class='ocrx_word' id='word_1_6' title='bbox 700 184 769 212; x_wconf 87' lang='lat' dir='ltr'><strong>unde</strong></span> <span class='ocrx_word' id='word_1_7' title='bbox 791 189 912 219; x_wconf 90' lang='lat' dir='ltr'><strong>oporteat</strong></span> <span class='ocrx_word' id='word_1_8' title='bbox 928 191 1026 219; x_wconf 89' lang='lat' dir='ltr'><strong>suppu-</strong></span> 
     </span>
    </p>
   </div>
   <div class='ocr_carea' id='block_1_3' title="bbox 232 230 1026 268">
    <p class='ocr_par' dir='ltr' id='par_1_3' title="bbox 232 230 1026 268">
     <span class='ocr_line' id='line_1_3' title="bbox 232 230 1026 268; baseline -0.005 -6"><span class='ocrx_word' id='word_1_9' title='bbox 232 239 300 268; x_wconf 84' lang='lat' dir='ltr'><strong>lare,</strong></span> <span class='ocrx_word' id='word_1_10' title='bbox 315 234 479 262; x_wconf 77' lang='lat' dir='ltr'><strong>demonstrat</strong></span> <span class='ocrx_word' id='word_1_11' title='bbox 487 241 539 260; x_wconf 91' lang='lat' dir='ltr'><strong>non</strong></span> <span class='ocrx_word' id='word_1_12' title='bbox 553 239 612 260; x_wconf 87' lang='lat' dir='ltr'><strong>esse</strong></span> <span class='ocrx_word' id='word_1_13' title='bbox 623 231 816 259; x_wconf 86' lang='lat' dir='ltr'><strong>numerandum</strong></span> <span class='ocrx_word' id='word_1_14' title='bbox 829 239 845 258; x_wconf 88' lang='lat' dir='ltr'><strong>a</strong></span> <span class='ocrx_word' id='word_1_15' title='bbox 856 230 900 258; x_wconf 88' lang='lat' dir='ltr'><strong>die</strong></span> <span class='ocrx_word' id='word_1_16' title='bbox 913 231 1026 264; x_wconf 88' lang='lat' dir='ltr'><strong>reditus,</strong></span> 
     </span>
    </p>
   </div>
   <div class='ocr_carea' id='block_1_4' title="bbox 231 276 1027 311">
    <p class='ocr_par' dir='ltr' id='par_1_4' title="bbox 231 276 1027 311">
     <span class='ocr_line' id='line_1_4' title="bbox 231 276 1027 311; baseline -0.006 -4"><span class='ocrx_word' id='word_1_17' title='bbox 231 279 283 307; x_wconf 84' lang='lat' dir='ltr'><strong>Sed</strong></span> <span class='ocrx_word' id='word_1_18' title='bbox 298 279 368 307; x_wconf 89' lang='lat' dir='ltr'><strong>unde</strong></span> <span class='ocrx_word' id='word_1_19' title='bbox 392 278 522 306; x_wconf 76' lang='lat' dir='ltr'><strong>tandem?</strong></span> <span class='ocrx_word' id='word_1_20' title='bbox 535 277 573 304; x_wconf 77' lang='lat' dir='ltr'><strong>Ab</strong></span> <span class='ocrx_word' id='word_1_21' title='bbox 588 277 656 304; x_wconf 73' lang='lat' dir='ltr'><strong>exitu</strong></span> <span class='ocrx_word' id='word_1_22' title='bbox 671 277 805 309; x_wconf 68' lang='lat' dir='ltr'><strong>sermonis,</strong></span> <span class='ocrx_word' id='word_1_23' title='bbox 822 281 849 303; x_wconf 84' lang='lat' dir='ltr'><strong>ut</strong></span> <span class='ocrx_word' id='word_1_24' title='bbox 873 276 1027 311; x_wconf 76' lang='lat' dir='ltr'><strong>respondea-</strong></span> 
     </span>
    </p>
   </div>
   <div class='ocr_carea' id='block_1_5' title="bbox 231 322 1028 358">
    <p class='ocr_par' dir='ltr' id='par_1_5' title="bbox 231 322 1028 358">
     <span class='ocr_line' id='line_1_5' title="bbox 231 322 1028 358; baseline -0.004 -6"><span class='ocrx_word' id='word_1_25' title='bbox 231 330 281 356; x_wconf 82' lang='lat' dir='ltr'><strong>tur,</strong></span> <span class='ocrx_word' id='word_1_26' title='bbox 295 331 318 352; x_wconf 86' lang='lat' dir='ltr'><strong>et</strong></span> <span class='ocrx_word' id='word_1_27' title='bbox 327 324 467 358; x_wconf 64' lang='lat' dir='ltr'><strong>aediﬁcetur</strong></span> <span class='ocrx_word' id='word_1_28' title='bbox 482 323 634 351; x_wconf 69' lang='lat' dir='ltr'><strong>Jerusalem.</strong></span> <span class='ocrx_word' id='word_1_29' title='bbox 652 324 686 350; x_wconf 89' lang='lat' dir='ltr'><strong>At</strong></span> <span class='ocrx_word' id='word_1_30' title='bbox 701 331 753 350; x_wconf 90' lang='lat' dir='ltr'><strong>non</strong></span> <span class='ocrx_word' id='word_1_31' title='bbox 768 322 814 350; x_wconf 81' lang='lat' dir='ltr'><strong>fuit</strong></span> <span class='ocrx_word' id='word_1_32' title='bbox 829 327 965 350; x_wconf 82' lang='lat' dir='ltr'><strong>exstructa</strong></span> <span class='ocrx_word' id='word_1_33' title='bbox 979 322 1028 350; x_wconf 89' lang='lat' dir='ltr'><strong>sub</strong></span> 
     </span>
    </p>
   </div>
   <div class='ocr_carea' id='block_1_6' title="bbox 231 367 1027 405">
    <p class='ocr_par' dir='ltr' id='par_1_6' title="bbox 231 367 1027 405">
     <span class='ocr_line' id='line_1_6' title="bbox 231 367 1027 405; baseline -0.005 -8"><span class='ocrx_word' id='word_1_34' title='bbox 231 370 311 405; x_wconf 84' lang='lat' dir='ltr'><strong>Cyro.</strong></span> <span class='ocrx_word' id='word_1_35' title='bbox 336 369 381 397; x_wconf 90' lang='lat' dir='ltr'><strong>scd</strong></span> <span class='ocrx_word' id='word_1_36' title='bbox 404 369 454 397; x_wconf 85' lang='lat' dir='ltr'><strong>sub</strong></span> <span class='ocrx_word' id='word_1_37' title='bbox 477 369 626 396; x_wconf 81' lang='lat' dir='ltr'><strong>Artaxerxe</strong></span> <span class='ocrx_word' id='word_1_38' title='bbox 648 372 825 403; x_wconf 86' lang='lat' dir='ltr'><strong>cognomento</strong></span> <span class='ocrx_word' id='word_1_39' title='bbox 853 367 1027 402; x_wconf 84' lang='lat' dir='ltr'><strong>Longimano.</strong></span> 
     </span>
    </p>
   </div>
   <div class='ocr_carea' id='block_1_7' title="bbox 234 413 1027 450">
    <p class='ocr_par' dir='ltr' id='par_1_7' title="bbox 234 413 1027 450">
     <span class='ocr_line' id='line_1_7' title="bbox 234 413 1027 450; baseline -0.006 -7"><span class='ocrx_word' id='word_1_40' title='bbox 234 417 297 444; x_wconf 81' lang='lat' dir='ltr'><strong>Post</strong></span> <span class='ocrx_word' id='word_1_41' title='bbox 312 416 469 443; x_wconf 69' lang='lat' dir='ltr'><strong>descensum</strong></span> <span class='ocrx_word' id='word_1_42' title='bbox 481 415 550 442; x_wconf 69' lang='lat' dir='ltr'><strong>enim</strong></span> <span class='ocrx_word' id='word_1_43' title='bbox 566 415 638 442; x_wconf 87' lang='lat' dir='ltr'><strong>venit</strong></span> <span class='ocrx_word' id='word_1_44' title='bbox 649 414 804 450; x_wconf 78' lang='lat' dir='ltr'><strong>Cambyses,</strong></span> <span class='ocrx_word' id='word_1_45' title='bbox 828 413 924 441; x_wconf 85' lang='lat' dir='ltr'><strong>deinde</strong></span> <span class='ocrx_word' id='word_1_46' title='bbox 937 413 1004 448; x_wconf 86' lang='lat' dir='ltr'><strong>Magi</strong></span> <span class='ocrx_word' id='word_1_47' title='bbox 1019 432 1027 446; x_wconf 85' lang='lat'><strong>,</strong></span> 
     </span>
    </p>
   </div>
   <div class='ocr_carea' id='block_1_8' title="bbox 233 458 1030 496">
    <p class='ocr_par' dir='ltr' id='par_1_8' title="bbox 233 458 1030 496">
     <span class='ocr_line' id='line_1_8' title="bbox 233 458 1030 496; baseline -0.005 -8"><span class='ocrx_word' id='word_1_48' title='bbox 233 461 350 496; x_wconf 78' lang='lat' dir='ltr'><strong>posthos</strong></span> <span class='ocrx_word' id='word_1_49' title='bbox 366 461 458 487; x_wconf 73' lang='lat' dir='ltr'><strong>Darius</strong></span> <span class='ocrx_word' id='word_1_50' title='bbox 471 460 607 495; x_wconf 64' lang='lat' dir='ltr'><strong>llystaspa&#39;</strong></span> <span class='ocrx_word' id='word_1_51' title='bbox 618 459 827 493; x_wconf 72' lang='lat' dir='ltr'><strong>ﬁlius,dcinccps</strong></span> <span class='ocrx_word' id='word_1_52' title='bbox 836 458 947 486; x_wconf 79' lang='lat' dir='ltr'><strong>Xerxes.</strong></span> <span class='ocrx_word' id='word_1_53' title='bbox 960 458 1030 484; x_wconf 79' lang='lat' dir='ltr'><strong>Darii</strong></span> 
     </span>
    </p>
   </div>
   <div class='ocr_carea' id='block_1_9' title="bbox 233 505 1030 542">
    <p class='ocr_par' dir='ltr' id='par_1_9' title="bbox 233 505 1030 542">
     <span class='ocr_line' id='line_1_9' title="bbox 233 505 1030 542; baseline -0.006 -8"><span class='ocrx_word' id='word_1_54' title='bbox 233 508 374 542; x_wconf 87' lang='lat' dir='ltr'><strong>lilius,post</strong></span> <span class='ocrx_word' id='word_1_55' title='bbox 383 506 453 533; x_wconf 80' lang='lat' dir='ltr'><strong>hunc</strong></span> <span class='ocrx_word' id='word_1_56' title='bbox 465 506 689 540; x_wconf 84' lang='lat' dir='ltr'><strong>Artabanus,post</strong></span> <span class='ocrx_word' id='word_1_57' title='bbox 699 505 861 532; x_wconf 80' lang='lat' dir='ltr'><strong>Artabanum</strong></span> <span class='ocrx_word' id='word_1_58' title='bbox 870 506 1030 530; x_wconf 78' lang='lat' dir='ltr'><strong>Artaxerxes</strong></span> 
     </span>
    </p>
   </div>
   <div class='ocr_carea' id='block_1_10' title="bbox 234 550 1030 587">
    <p class='ocr_par' dir='ltr' id='par_1_10' title="bbox 234 550 1030 587">
     <span class='ocr_line' id='line_1_10' title="bbox 234 550 1030 587; baseline -0.005 -7"><span class='ocrx_word' id='word_1_59' title='bbox 234 553 414 587; x_wconf 82' lang='lat' dir='ltr'><strong>Longimantts</strong></span> <span class='ocrx_word' id='word_1_60' title='bbox 435 552 575 587; x_wconf 78' lang='lat' dir='ltr'><strong>imperavit</strong></span> <span class='ocrx_word' id='word_1_61' title='bbox 594 551 707 578; x_wconf 84' lang='lat' dir='ltr'><strong>Persidi.</strong></span> <span class='ocrx_word' id='word_1_62' title='bbox 725 551 759 578; x_wconf 88' lang='lat' dir='ltr'><strong>Et</strong></span> <span class='ocrx_word' id='word_1_63' title='bbox 777 550 840 577; x_wconf 91' lang='lat' dir='ltr'><strong>dum</strong></span> <span class='ocrx_word' id='word_1_64' title='bbox 862 550 905 576; x_wconf 86' lang='lat' dir='ltr'><strong>hic</strong></span> <span class='ocrx_word' id='word_1_65' title='bbox 918 557 1030 584; x_wconf 80' lang='lat' dir='ltr'><strong>regnum</strong></span> 
     </span>
    </p>
   </div>
   <div class='ocr_carea' id='block_1_11' title="bbox 232 595 1031 632">
    <p class='ocr_par' dir='ltr' id='par_1_11' title="bbox 232 595 1031 632">
     <span class='ocr_line' id='line_1_11' title="bbox 232 595 1031 632; baseline -0.005 -7"><span class='ocrx_word' id='word_1_66' title='bbox 232 598 371 630; x_wconf 79' lang='lat' dir='ltr'><strong>obtineret,</strong></span> <span class='ocrx_word' id='word_1_67' title='bbox 382 605 452 624; x_wconf 87' lang='lat' dir='ltr'><strong>anno</strong></span> <span class='ocrx_word' id='word_1_68' title='bbox 466 597 593 632; x_wconf 80' lang='lat' dir='ltr'><strong>vigesimo</strong></span> <span class='ocrx_word' id='word_1_69' title='bbox 608 597 682 631; x_wconf 79' lang='lat' dir='ltr'><strong>regni</strong></span> <span class='ocrx_word' id='word_1_70' title='bbox 695 596 764 623; x_wconf 90' lang='lat' dir='ltr'><strong>illius</strong></span> <span class='ocrx_word' id='word_1_71' title='bbox 774 595 897 623; x_wconf 77' lang='lat' dir='ltr'><strong>Necmias</strong></span> <span class='ocrx_word' id='word_1_72' title='bbox 908 602 1031 622; x_wconf 77' lang='lat' dir='ltr'><strong>reversus</strong></span> 
     </span>
    </p>
   </div>
   <div class='ocr_carea' id='block_1_12' title="bbox 236 641 1031 672">
    <p class='ocr_par' dir='ltr' id='par_1_12' title="bbox 236 641 1031 672">
     <span class='ocr_line' id='line_1_12' title="bbox 236 641 1031 672; baseline -0.006 0"><span class='ocrx_word' id='word_1_73' title='bbox 236 645 370 672; x_wconf 77' lang='lat' dir='ltr'><strong>civitatem</strong></span> <span class='ocrx_word' id='word_1_74' title='bbox 386 644 551 671; x_wconf 76' lang='lat' dir='ltr'><strong>instauravit.</strong></span> <span class='ocrx_word' id='word_1_75' title='bbox 569 644 602 670; x_wconf 75' lang='lat' dir='ltr'><strong>Et</strong></span> <span class='ocrx_word' id='word_1_76' title='bbox 618 643 674 670; x_wconf 64' lang='lat' dir='ltr'><strong>haec</strong></span> <span class='ocrx_word' id='word_1_77' title='bbox 697 642 794 669; x_wconf 83' lang='lat' dir='ltr'><strong>Esdras</strong></span> <span class='ocrx_word' id='word_1_78' title='bbox 807 641 885 669; x_wconf 91' lang='lat' dir='ltr'><strong>nobis</strong></span> <span class='ocrx_word' id='word_1_79' title='bbox 908 646 1031 668; x_wconf 74' lang='lat' dir='ltr'><strong>accurate</strong></span> 
     </span>
    </p>
   </div>
   <div class='ocr_carea' id='block_1_13' title="bbox 234 687 1030 725">
    <p class='ocr_par' dir='ltr' id='par_1_13' title="bbox 234 687 1030 725">
     <span class='ocr_line' id='line_1_13' title="bbox 234 687 1030 725; baseline -0.005 -8"><span class='ocrx_word' id='word_1_80' title='bbox 234 691 385 725; x_wconf 74' lang='lat' dir='ltr'><strong>descripsit.</strong></span> <span class='ocrx_word' id='word_1_81' title='bbox 408 690 463 717; x_wconf 87' lang='lat' dir='ltr'><strong>Nos</strong></span> <span class='ocrx_word' id='word_1_82' title='bbox 485 690 564 724; x_wconf 81' lang='lat' dir='ltr'><strong>igitur</strong></span> <span class='ocrx_word' id='word_1_83' title='bbox 585 689 645 716; x_wconf 89' lang='lat' dir='ltr'><strong>hinc</strong></span> <span class='ocrx_word' id='word_1_84' title='bbox 665 687 873 724; x_wconf 80' lang='lat' dir='ltr'><strong>quadringentos</strong></span> <span class='ocrx_word' id='word_1_85' title='bbox 896 687 1030 721; x_wconf 86' lang='lat' dir='ltr'><strong>octoginta</strong></span> 
     </span>
    </p>
   </div>
   <div class='ocr_carea' id='block_1_14' title="bbox 237 733 1032 768">
    <p class='ocr_par' dir='ltr' id='par_1_14' title="bbox 237 733 1032 768">
     <span class='ocr_line' id='line_1_14' title="bbox 237 733 1032 768; baseline -0.006 -4"><span class='ocrx_word' id='word_1_86' title='bbox 237 742 292 764; x_wconf 83' lang='lat' dir='ltr'><strong>tres</strong></span> <span class='ocrx_word' id='word_1_87' title='bbox 307 744 390 764; x_wconf 85' lang='lat' dir='ltr'><strong>annos</strong></span> <span class='ocrx_word' id='word_1_88' title='bbox 412 737 433 763; x_wconf 81' lang='lat' dir='ltr'><strong>si</strong></span> <span class='ocrx_word' id='word_1_89' title='bbox 457 736 699 768; x_wconf 72' lang='lat' dir='ltr'><strong>numeraverimus,</strong></span> <span class='ocrx_word' id='word_1_90' title='bbox 716 734 785 762; x_wconf 94' lang='lat' dir='ltr'><strong>haud</strong></span> <span class='ocrx_word' id='word_1_91' title='bbox 802 733 880 761; x_wconf 89' lang='lat' dir='ltr'><strong>dubie</strong></span> <span class='ocrx_word' id='word_1_92' title='bbox 895 734 1032 760; x_wconf 81' lang='lat' dir='ltr'><strong>veniemus</strong></span> 
     </span>
    </p>
   </div>
   <div class='ocr_carea' id='block_1_15' title="bbox 234 778 1031 813">
    <p class='ocr_par' dir='ltr' id='par_1_15' title="bbox 234 778 1031 813">
     <span class='ocr_line' id='line_1_15' title="bbox 234 778 1031 813; baseline -0.005 -5"><span class='ocrx_word' id='word_1_93' title='bbox 234 783 267 809; x_wconf 88' lang='lat' dir='ltr'><strong>ad</strong></span> <span class='ocrx_word' id='word_1_94' title='bbox 284 784 351 810; x_wconf 83' lang='lat' dir='ltr'><strong>hanc</strong></span> <span class='ocrx_word' id='word_1_95' title='bbox 363 782 577 809; x_wconf 82' lang='lat' dir='ltr'><strong>subversionent.</strong></span> <span class='ocrx_word' id='word_1_96' title='bbox 594 780 655 807; x_wconf 87' lang='lat' dir='ltr'><strong>ldco</strong></span> <span class='ocrx_word' id='word_1_97' title='bbox 668 780 731 807; x_wconf 82' lang='lat' dir='ltr'><strong>dicit</strong></span> <span class='ocrx_word' id='word_1_98' title='bbox 746 788 753 806; x_wconf 87' lang='lat'><strong>:</strong></span> <span class='ocrx_word' id='word_1_99' title='bbox 770 779 953 813; x_wconf 72' lang='lat' dir='ltr'><strong>lEtli/icabitur</strong></span> <span class='ocrx_word' id='word_1_100' title='bbox 974 778 1031 812; x_wconf 82' lang='lat' dir='ltr'><strong>pla-</strong></span> 
     </span>
    </p>
   </div>
   <div class='ocr_carea' id='block_1_16' title="bbox 235 824 1033 858">
    <p class='ocr_par' dir='ltr' id='par_1_16' title="bbox 235 824 1033 858">
     <span class='ocr_line' id='line_1_16' title="bbox 235 824 1033 858; baseline -0.006 -4"><span class='ocrx_word' id='word_1_101' title='bbox 235 833 274 854; x_wconf 81' lang='lat' dir='ltr'><strong>tea</strong></span> <span class='ocrx_word' id='word_1_102' title='bbox 296 832 318 854; x_wconf 90' lang='lat' dir='ltr'><strong>et</strong></span> <span class='ocrx_word' id='word_1_103' title='bbox 334 835 463 853; x_wconf 86' lang='lat' dir='ltr'><strong>murorum</strong></span> <span class='ocrx_word' id='word_1_104' title='bbox 483 827 590 852; x_wconf 82' lang='lat' dir='ltr'><strong>ambitus</strong></span> <span class='ocrx_word' id='word_1_105' title='bbox 604 826 641 858; x_wconf 75' lang='lat'><strong>(‘2.</strong></span> <span class='ocrx_word' id='word_1_106' title='bbox 660 825 733 852; x_wconf 64' lang='lat' dir='ltr'><strong>listlr.</strong></span> <span class='ocrx_word' id='word_1_107' title='bbox 745 825 761 851; x_wconf 82' lang='grc'>5</span> <span class='ocrx_word' id='word_1_108' title='bbox 776 825 796 857; x_wconf 87' lang='grc'><strong>).</strong></span> <span class='ocrx_word' id='word_1_109' title='bbox 812 824 877 851; x_wconf 87' lang='lat' dir='ltr'><strong>Cum</strong></span> <span class='ocrx_word' id='word_1_110' title='bbox 899 824 989 858; x_wconf 78' lang='lat' dir='ltr'><strong>igitur,</strong></span> <span class='ocrx_word' id='word_1_111' title='bbox 1004 827 1033 849; x_wconf 92' lang='lat' dir='ltr'><strong>ut</strong></span> 
     </span>
    </p>
   </div>
   <div class='ocr_carea' id='block_1_17' title="bbox 235 871 1033 906">
    <p class='ocr_par' dir='ltr' id='par_1_17' title="bbox 235 871 1033 906">
     <span class='ocr_line' id='line_1_17' title="bbox 235 871 1033 906; baseline -0.005 -6"><span class='ocrx_word' id='word_1_112' title='bbox 235 873 281 906; x_wconf 90' lang='lat' dir='ltr'><strong>ait,</strong></span> <span class='ocrx_word' id='word_1_113' title='bbox 305 873 424 900; x_wconf 87' lang='lat' dir='ltr'><strong>restituta</strong></span> <span class='ocrx_word' id='word_1_114' title='bbox 449 872 545 904; x_wconf 81' lang='lat' dir='ltr'><strong>fuerit,</strong></span> <span class='ocrx_word' id='word_1_115' title='bbox 570 880 699 906; x_wconf 86' lang='lat' dir='ltr'><strong>suumque</strong></span> <span class='ocrx_word' id='word_1_116' title='bbox 720 876 819 898; x_wconf 55' lang='lat' dir='ltr'><strong>statum</strong></span> <span class='ocrx_word' id='word_1_117' title='bbox 843 871 983 905; x_wconf 81' lang='lat' dir='ltr'><strong>receperit,</strong></span> <span class='ocrx_word' id='word_1_118' title='bbox 1000 877 1033 896; x_wconf 82' lang='lat' dir='ltr'><strong>ex</strong></span> 
     </span>
    </p>
   </div>
   <div class='ocr_carea' id='block_1_18' title="bbox 238 916 1035 954">
    <p class='ocr_par' dir='ltr' id='par_1_18' title="bbox 238 916 1035 954">
     <span class='ocr_line' id='line_1_18' title="bbox 238 916 1035 954; baseline -0.004 -8"><span class='ocrx_word' id='word_1_119' title='bbox 238 920 290 946; x_wconf 85' lang='lat' dir='ltr'><strong>huc</strong></span> <span class='ocrx_word' id='word_1_120' title='bbox 314 923 426 954; x_wconf 79' lang='lat' dir='ltr'><strong>supputa</strong></span> <span class='ocrx_word' id='word_1_121' title='bbox 459 918 640 945; x_wconf 81' lang='lat' dir='ltr'><strong>hebdomades</strong></span> <span class='ocrx_word' id='word_1_122' title='bbox 670 917 852 952; x_wconf 82' lang='lat' dir='ltr'><strong>septuaginta,</strong></span> <span class='ocrx_word' id='word_1_123' title='bbox 880 916 1035 950; x_wconf 82' lang='lat' dir='ltr'><strong>videbisque</strong></span> 
     </span>
    </p>
   </div>
   <div class='ocr_carea' id='block_1_19' title="bbox 237 962 1034 999">
    <p class='ocr_par' dir='ltr' id='par_1_19' title="bbox 237 962 1034 999">
     <span class='ocr_line' id='line_1_19' title="bbox 237 962 1034 999; baseline -0.006 -8"><span class='ocrx_word' id='word_1_124' title='bbox 237 965 305 992; x_wconf 90' lang='lat' dir='ltr'><strong>hanc</strong></span> <span class='ocrx_word' id='word_1_125' title='bbox 320 965 500 999; x_wconf 77' lang='lat' dir='ltr'><strong>captivitatem</strong></span> <span class='ocrx_word' id='word_1_126' title='bbox 516 963 632 990; x_wconf 84' lang='lat' dir='ltr'><strong>nomium</strong></span> <span class='ocrx_word' id='word_1_127' title='bbox 656 963 776 990; x_wconf 88' lang='lat' dir='ltr'><strong>sortitam</strong></span> <span class='ocrx_word' id='word_1_128' title='bbox 801 962 879 988; x_wconf 91' lang='lat' dir='ltr'><strong>ﬁnem</strong></span> <span class='ocrx_word' id='word_1_129' title='bbox 895 969 964 988; x_wconf 75' lang='lat' dir='ltr'><strong>esse.</strong></span> <span class='ocrx_word' id='word_1_130' title='bbox 985 962 1034 987; x_wconf 89' lang='lat' dir='ltr'><strong>At-</strong></span> 
     </span>
    </p>
   </div>
   <div class='ocr_carea' id='block_1_20' title="bbox 237 1006 1034 1045">
    <p class='ocr_par' dir='ltr' id='par_1_20' title="bbox 237 1006 1034 1045">
     <span class='ocr_line' id='line_1_20' title="bbox 237 1006 1034 1045; baseline -0.008 -7"><span class='ocrx_word' id='word_1_131' title='bbox 237 1018 290 1045; x_wconf 86' lang='lat' dir='ltr'><strong>que</strong></span> <span class='ocrx_word' id='word_1_132' title='bbox 306 1011 355 1038; x_wconf 91' lang='lat' dir='ltr'><strong>hoc</strong></span> <span class='ocrx_word' id='word_1_133' title='bbox 370 1011 456 1045; x_wconf 88' lang='lat' dir='ltr'><strong>ipsum</strong></span> <span class='ocrx_word' id='word_1_134' title='bbox 471 1010 620 1037; x_wconf 79' lang='lat' dir='ltr'><strong>evidentius</strong></span> <span class='ocrx_word' id='word_1_135' title='bbox 641 1009 720 1036; x_wconf 91' lang='lat' dir='ltr'><strong>etiam</strong></span> <span class='ocrx_word' id='word_1_136' title='bbox 735 1009 869 1042; x_wconf 83' lang='lat' dir='ltr'><strong>aperiens,</strong></span> <span class='ocrx_word' id='word_1_137' title='bbox 884 1007 952 1041; x_wconf 82' lang='lat' dir='ltr'><strong>quod</strong></span> <span class='ocrx_word' id='word_1_138' title='bbox 966 1006 1034 1033; x_wconf 82' lang='lat' dir='ltr'><strong>mala</strong></span> 
     </span>
    </p>
   </div>
   <div class='ocr_carea' id='block_1_21' title="bbox 237 1051 1034 1091">
    <p class='ocr_par' dir='ltr' id='par_1_21' title="bbox 237 1051 1034 1091">
     <span class='ocr_line' id='line_1_21' title="bbox 237 1051 1034 1091; baseline -0.006 -9"><span class='ocrx_word' id='word_1_139' title='bbox 237 1056 335 1091; x_wconf 85' lang='lat' dir='ltr'><strong>quibus</strong></span> <span class='ocrx_word' id='word_1_140' title='bbox 351 1063 421 1083; x_wconf 89' lang='lat' dir='ltr'><strong>nunc</strong></span> <span class='ocrx_word' id='word_1_141' title='bbox 446 1060 586 1087; x_wconf 86' lang='lat' dir='ltr'><strong>tenentur,</strong></span> <span class='ocrx_word' id='word_1_142' title='bbox 603 1062 654 1081; x_wconf 93' lang='lat' dir='ltr'><strong>non</strong></span> <span class='ocrx_word' id='word_1_143' title='bbox 674 1055 727 1080; x_wconf 87' lang='lat' dir='ltr'><strong>sint</strong></span> <span class='ocrx_word' id='word_1_144' title='bbox 749 1052 870 1079; x_wconf 86' lang='lat' dir='ltr'><strong>habitura</strong></span> <span class='ocrx_word' id='word_1_145' title='bbox 895 1052 986 1084; x_wconf 81' lang='lat' dir='ltr'><strong>ﬁnem,</strong></span> <span class='ocrx_word' id='word_1_146' title='bbox 1001 1051 1034 1078; x_wconf 82' lang='lat' dir='ltr'><strong>ad</strong></span> 
     </span>
    </p>
   </div>
   <div class='ocr_carea' id='block_1_22' title="bbox 239 1098 1036 1135">
    <p class='ocr_par' dir='ltr' id='par_1_22' title="bbox 239 1098 1036 1135">
     <span class='ocr_line' id='line_1_22' title="bbox 239 1098 1036 1135; baseline -0.005 -7"><span class='ocrx_word' id='word_1_147' title='bbox 239 1101 311 1128; x_wconf 89' lang='lat' dir='ltr'><strong>hunc</strong></span> <span class='ocrx_word' id='word_1_148' title='bbox 336 1101 442 1127; x_wconf 92' lang='lat' dir='ltr'><strong>modum</strong></span> <span class='ocrx_word' id='word_1_149' title='bbox 465 1100 604 1135; x_wconf 89' lang='lat' dir='ltr'><strong>loquitur:</strong></span> <span class='ocrx_word' id='word_1_150' title='bbox 621 1098 684 1125; x_wconf 74' lang='lat' dir='ltr'><strong>Post</strong></span> <span class='ocrx_word' id='word_1_151' title='bbox 706 1098 872 1125; x_wconf 63' lang='lat' dir='ltr'><strong>hebdomade;</strong></span> <span class='ocrx_word' id='word_1_152' title='bbox 894 1102 976 1123; x_wconf 75' lang='lat' dir='ltr'><strong>autent:</strong></span> <span class='ocrx_word' id='word_1_153' title='bbox 996 1105 1036 1124; x_wconf 80' lang='lat' dir='ltr'><strong>se-</strong></span> 
     </span>
    </p>
   </div>
   <div class='ocr_carea' id='block_1_23' title="bbox 239 1142 1033 1182">
    <p class='ocr_par' dir='ltr' id='par_1_23' title="bbox 239 1142 1033 1182">
     <span class='ocr_line' id='line_1_23' title="bbox 239 1142 1033 1182; baseline -0.006 -9"><span class='ocrx_word' id='word_1_154' title='bbox 239 1147 372 1182; x_wconf 79' lang='lat' dir='ltr'><strong>ptuaginta</strong></span> <span class='ocrx_word' id='word_1_155' title='bbox 382 1145 521 1172; x_wconf 82' lang='lat' dir='ltr'><strong>abolebitur</strong></span> <span class='ocrx_word' id='word_1_156' title='bbox 539 1145 633 1177; x_wconf 85' lang='lat' dir='ltr'><strong>unctio,</strong></span> <span class='ocrx_word' id='word_1_157' title='bbox 656 1149 679 1170; x_wconf 84' lang='lat' dir='ltr'><strong>et</strong></span> <span class='ocrx_word' id='word_1_158' title='bbox 690 1143 814 1180; x_wconf 81' lang='lat' dir='ltr'><strong>judicium</strong></span> <span class='ocrx_word' id='word_1_159' title='bbox 833 1151 883 1170; x_wconf 82' lang='lat' dir='ltr'><strong>mm</strong></span> <span class='ocrx_word' id='word_1_160' title='bbox 897 1143 942 1169; x_wconf 69' lang='lat' dir='ltr'><strong>erit</strong></span> <span class='ocrx_word' id='word_1_161' title='bbox 955 1142 981 1168; x_wconf 74' lang='lat' dir='ltr'><strong>in</strong></span> <span class='ocrx_word' id='word_1_162' title='bbox 995 1150 1033 1174; x_wconf 81' lang='lat' dir='ltr'><strong>ea,</strong></span> 
     </span>
    </p>
   </div>
   <div class='ocr_carea' id='block_1_24' title="bbox 238 1187 1035 1226">
    <p class='ocr_par' dir='ltr' id='par_1_24' title="bbox 238 1187 1035 1226">
     <span class='ocr_line' id='line_1_24' title="bbox 238 1187 1035 1226; baseline -0.008 -7"><span class='ocrx_word' id='word_1_163' title='bbox 238 1198 262 1219; x_wconf 81' lang='lat' dir='ltr'><strong>et</strong></span> <span class='ocrx_word' id='word_1_164' title='bbox 276 1192 399 1219; x_wconf 72' lang='lat' dir='ltr'><strong>civitatem</strong></span> <span class='ocrx_word' id='word_1_165' title='bbox 423 1195 446 1217; x_wconf 77' lang='lat' dir='ltr'><strong>et</strong></span> <span class='ocrx_word' id='word_1_166' title='bbox 459 1195 573 1217; x_wconf 71' lang='lat' dir='ltr'><strong>sanctum</strong></span> <span class='ocrx_word' id='word_1_167' title='bbox 593 1189 696 1226; x_wconf 70' lang='lat' dir='ltr'><strong>perdel,</strong></span> <span class='ocrx_word' id='word_1_168' title='bbox 712 1197 769 1215; x_wconf 85' lang='lat' dir='ltr'><strong>cum</strong></span> <span class='ocrx_word' id='word_1_169' title='bbox 791 1187 861 1215; x_wconf 79' lang='lat' dir='ltr'><strong>Duce</strong></span> <span class='ocrx_word' id='word_1_170' title='bbox 883 1192 995 1219; x_wconf 81' lang='lat' dir='ltr'><strong>venturo,</strong></span> <span class='ocrx_word' id='word_1_171' title='bbox 1012 1191 1035 1213; x_wconf 80' lang='lat' dir='ltr'><strong>et</strong></span> 
     </span>
    </p>
   </div>
   <div class='ocr_carea' id='block_1_25' title="bbox 247 1237 1032 1271">
    <p class='ocr_par' dir='ltr' id='par_1_25' title="bbox 247 1237 1032 1271">
     <span class='ocr_line' id='line_1_25' title="bbox 247 1237 1032 1271; baseline -0.004 -6"><span class='ocrx_word' id='word_1_172' title='bbox 247 1239 419 1266; x_wconf 58' lang='lat' dir='ltr'><strong>concidattur</strong></span> <span class='ocrx_word' id='word_1_173' title='bbox 436 1243 561 1271; x_wconf 73' lang='lat' dir='ltr'><strong>tant/unm</strong></span> <span class='ocrx_word' id='word_1_174' title='bbox 584 1238 609 1262; x_wconf 86' lang='lat' dir='ltr'><strong>in</strong></span> <span class='ocrx_word' id='word_1_175' title='bbox 628 1237 738 1268; x_wconf 80' lang='lat' dir='ltr'><strong>diluvio,</strong></span> <span class='ocrx_word' id='word_1_176' title='bbox 755 1244 843 1270; x_wconf 85' lang='lat' dir='ltr'><strong>neque</strong></span> <span class='ocrx_word' id='word_1_177' title='bbox 867 1240 1032 1269; x_wconf 79' lang='lat' dir='ltr'><strong>supererunt</strong></span> 
     </span>
    </p>
   </div>
   <div class='ocr_carea' id='block_1_26' title="bbox 246 1281 1032 1319">
    <p class='ocr_par' dir='ltr' id='par_1_26' title="bbox 246 1281 1032 1319">
     <span class='ocr_line' id='line_1_26' title="bbox 246 1281 1032 1319; baseline -0.006 -7"><span class='ocrx_word' id='word_1_178' title='bbox 246 1286 378 1319; x_wconf 61' lang='lat' dir='ltr'><strong>reliquae,</strong></span> <span class='ocrx_word' id='word_1_179' title='bbox 398 1290 486 1317; x_wconf 85' lang='lat' dir='ltr'><strong>neque</strong></span> <span class='ocrx_word' id='word_1_180' title='bbox 504 1283 592 1312; x_wconf 66' lang='lat' dir='ltr'><strong>radis,</strong></span> <span class='ocrx_word' id='word_1_181' title='bbox 609 1290 669 1317; x_wconf 74' lang='lat' dir='ltr'><strong>qutc</strong></span> <span class='ocrx_word' id='word_1_182' title='bbox 686 1282 839 1316; x_wconf 77' lang='lat' dir='ltr'><strong>repullulct,</strong></span> <span class='ocrx_word' id='word_1_183' title='bbox 858 1285 882 1308; x_wconf 85' lang='lat' dir='ltr'><strong>et</strong></span> <span class='ocrx_word' id='word_1_184' title='bbox 899 1289 981 1316; x_wconf 75' lang='lat' dir='ltr'><strong>usque</strong></span> <span class='ocrx_word' id='word_1_185' title='bbox 998 1281 1032 1308; x_wconf 79' lang='lat' dir='ltr'><strong>ad</strong></span> 
     </span>
    </p>
   </div>
   <div class='ocr_carea' id='block_1_27' title="bbox 246 1327 1033 1366">
    <p class='ocr_par' dir='ltr' id='par_1_27' title="bbox 246 1327 1033 1366">
     <span class='ocr_line' id='line_1_27' title="bbox 246 1327 1033 1366; baseline -0.004 -9"><span class='ocrx_word' id='word_1_186' title='bbox 246 1332 324 1366; x_wconf 83' lang='lat' dir='ltr'><strong>finem</strong></span> <span class='ocrx_word' id='word_1_187' title='bbox 333 1329 393 1356; x_wconf 81' lang='lat' dir='ltr'><strong>belli</strong></span> <span class='ocrx_word' id='word_1_188' title='bbox 405 1329 550 1355; x_wconf 69' lang='lat' dir='ltr'><strong>abbrn&#39;iati</strong></span> <span class='ocrx_word' id='word_1_189' title='bbox 561 1327 793 1355; x_wconf 78' lang='lat' dir='ltr'><strong>interneciouibus.</strong></span> <span class='ocrx_word' id='word_1_190' title='bbox 805 1328 908 1354; x_wconf 71' lang='lat' dir='ltr'><strong>Itursus</strong></span> <span class='ocrx_word' id='word_1_191' title='bbox 918 1328 1033 1362; x_wconf 85' lang='lat' dir='ltr'><strong>loquens</strong></span> 
     </span>
    </p>
   </div>
   <div class='ocr_carea' id='block_1_28' title="bbox 244 1372 1032 1409">
    <p class='ocr_par' dir='ltr' id='par_1_28' title="bbox 244 1372 1032 1409">
     <span class='ocr_line' id='line_1_28' title="bbox 244 1372 1032 1409; baseline -0.008 -6"><span class='ocrx_word' id='word_1_192' title='bbox 244 1377 278 1403; x_wconf 87' lang='lat' dir='ltr'><strong>de</strong></span> <span class='ocrx_word' id='word_1_193' title='bbox 289 1377 338 1402; x_wconf 87' lang='lat' dir='ltr'><strong>hac</strong></span> <span class='ocrx_word' id='word_1_194' title='bbox 348 1374 585 1409; x_wconf 78' lang='lat' dir='ltr'><strong>captivitate,dicit</strong></span> <span class='ocrx_word' id='word_1_195' title='bbox 594 1383 600 1399; x_wconf 92' lang='lat'><strong>:</strong></span> <span class='ocrx_word' id='word_1_196' title='bbox 610 1373 728 1400; x_wconf 83' lang='lat' dir='ltr'><strong>Tolletur</strong></span> <span class='ocrx_word' id='word_1_197' title='bbox 735 1373 866 1399; x_wconf 77' lang='lat' dir='ltr'><strong>incensum</strong></span> <span class='ocrx_word' id='word_1_198' title='bbox 875 1377 898 1399; x_wconf 81' lang='lat' dir='ltr'><strong>et</strong></span> <span class='ocrx_word' id='word_1_199' title='bbox 907 1372 1032 1402; x_wconf 81' lang='lat' dir='ltr'><strong>libamen,</strong></span> 
     </span>
    </p>
   </div>
   <div class='ocr_carea' id='block_1_29' title="bbox 245 1416 1032 1455">
    <p class='ocr_par' dir='ltr' id='par_1_29' title="bbox 245 1416 1032 1455">
     <span class='ocr_line' id='line_1_29' title="bbox 245 1416 1032 1455; baseline -0.008 -7"><span class='ocrx_word' id='word_1_200' title='bbox 245 1430 277 1448; x_wconf 80' lang='lat' dir='ltr'><strong>ac</strong></span> <span class='ocrx_word' id='word_1_201' title='bbox 285 1425 412 1455; x_wconf 76' lang='lat' dir='ltr'><strong>prwterea</strong></span> <span class='ocrx_word' id='word_1_202' title='bbox 422 1427 499 1454; x_wconf 76' lang='lat' dir='ltr'><strong>super</strong></span> <span class='ocrx_word' id='word_1_203' title='bbox 512 1418 634 1451; x_wconf 67' lang='lat' dir='ltr'><strong>templum</strong></span> <span class='ocrx_word' id='word_1_204' title='bbox 645 1417 806 1444; x_wconf 81' lang='lat' dir='ltr'><strong>abominatio</strong></span> <span class='ocrx_word' id='word_1_205' title='bbox 814 1416 997 1449; x_wconf 75' lang='lat' dir='ltr'><strong>desolationis,</strong></span> <span class='ocrx_word' id='word_1_206' title='bbox 1008 1421 1032 1442; x_wconf 90' lang='lat' dir='ltr'><strong>et</strong></span> 
     </span>
    </p>
   </div>
   <div class='ocr_carea' id='block_1_30' title="bbox 245 1462 1033 1502">
    <p class='ocr_par' dir='ltr' id='par_1_30' title="bbox 245 1462 1033 1502">
     <span class='ocr_line' id='line_1_30' title="bbox 245 1462 1033 1502; baseline -0.006 -9"><span class='ocrx_word' id='word_1_207' title='bbox 245 1474 328 1502; x_wconf 70' lang='lat' dir='ltr'><strong>Itaque</strong></span> <span class='ocrx_word' id='word_1_208' title='bbox 338 1465 372 1492; x_wconf 84' lang='lat' dir='ltr'><strong>ad</strong></span> <span class='ocrx_word' id='word_1_209' title='bbox 383 1465 636 1492; x_wconf 74' lang='lat' dir='ltr'><strong>consummationem</strong></span> <span class='ocrx_word' id='word_1_210' title='bbox 648 1463 771 1498; x_wconf 71' lang='lat' dir='ltr'><strong>(corporis</strong></span> <span class='ocrx_word' id='word_1_211' title='bbox 783 1463 975 1489; x_wconf 71' lang='lat' dir='ltr'><strong>consmnmatio</strong></span> <span class='ocrx_word' id='word_1_212' title='bbox 983 1462 1033 1488; x_wconf 86' lang='lat' dir='ltr'><strong>du-</strong></span> 
     </span>
    </p>
   </div>
   <div class='ocr_carea' id='block_1_31' title="bbox 246 1509 1032 1541">
    <p class='ocr_par' dir='ltr' id='par_1_31' title="bbox 246 1509 1032 1541">
     <span class='ocr_line' id='line_1_31' title="bbox 246 1509 1032 1541; baseline -0.004 -3"><span class='ocrx_word' id='word_1_213' title='bbox 246 1512 316 1538; x_wconf 78' lang='lat' dir='ltr'><strong>bitur</strong></span> <span class='ocrx_word' id='word_1_214' title='bbox 326 1511 360 1538; x_wconf 88' lang='lat' dir='ltr'><strong>ad</strong></span> <span class='ocrx_word' id='word_1_215' title='bbox 368 1510 567 1538; x_wconf 67' lang='lat' dir='ltr'><strong>desolationem.</strong></span> <span class='ocrx_word' id='word_1_216' title='bbox 576 1510 642 1536; x_wconf 87' lang='lat' dir='ltr'><strong>Cum</strong></span> <span class='ocrx_word' id='word_1_217' title='bbox 653 1509 747 1537; x_wconf 84' lang='lat' dir='ltr'><strong>audias</strong></span> <span class='ocrx_word' id='word_1_218' title='bbox 755 1509 1032 1541; x_wconf 81' lang='lat' dir='ltr'><strong>consummationem.</strong></span> 
     </span>
    </p>
   </div>
   <div class='ocr_carea' id='block_1_32' title="bbox 253 1555 1032 1592">
    <p class='ocr_par' dir='ltr' id='par_1_32' title="bbox 253 1555 1032 1592">
     <span class='ocr_line' id='line_1_32' title="bbox 253 1555 1032 1592; baseline -0.005 -8"><span class='ocrx_word' id='word_1_219' title='bbox 253 1557 319 1592; x_wconf 87' lang='lat' dir='ltr'><strong>quid</strong></span> <span class='ocrx_word' id='word_1_220' title='bbox 332 1556 421 1584; x_wconf 88' lang='lat' dir='ltr'><strong>adhuc</strong></span> <span class='ocrx_word' id='word_1_221' title='bbox 438 1559 572 1591; x_wconf 84' lang='lat' dir='ltr'><strong>superest,</strong></span> <span class='ocrx_word' id='word_1_222' title='bbox 586 1555 657 1590; x_wconf 91' lang='lat' dir='ltr'><strong>quod</strong></span> <span class='ocrx_word' id='word_1_223' title='bbox 675 1555 835 1589; x_wconf 77' lang='lat' dir='ltr'><strong>exspectes?</strong></span> <span class='ocrx_word' id='word_1_224' title='bbox 848 1555 884 1581; x_wconf 83' lang='lat' dir='ltr'><strong>Ac</strong></span> <span class='ocrx_word' id='word_1_225' title='bbox 893 1559 1032 1588; x_wconf 65' lang='lat' dir='ltr'><strong>praeterea.</strong></span> 
     </span>
    </p>
   </div>
   <div class='ocr_carea' id='block_1_33' title="bbox 248 1597 1035 1635">
    <p class='ocr_par' dir='ltr' id='par_1_33' title="bbox 248 1597 1035 1635">
     <span class='ocr_line' id='line_1_33' title="bbox 248 1597 1035 1635; baseline -0.006 -6"><span class='ocrx_word' id='word_1_226' title='bbox 248 1602 317 1635; x_wconf 84' lang='lat' dir='ltr'><strong>Quid</strong></span> <span class='ocrx_word' id='word_1_227' title='bbox 326 1608 415 1628; x_wconf 86' lang='lat' dir='ltr'><strong>autem</strong></span> <span class='ocrx_word' id='word_1_228' title='bbox 422 1604 474 1632; x_wconf 85' lang='lat' dir='ltr'><strong>est,</strong></span> <span class='ocrx_word' id='word_1_229' title='bbox 483 1600 520 1626; x_wconf 81' lang='lat' dir='ltr'><strong>Ac</strong></span> <span class='ocrx_word' id='word_1_230' title='bbox 529 1599 672 1634; x_wconf 76' lang='lat' dir='ltr'><strong>prwterea?</strong></span> <span class='ocrx_word' id='word_1_231' title='bbox 680 1597 735 1625; x_wconf 81' lang='lat' dir='ltr'><strong>Hoc</strong></span> <span class='ocrx_word' id='word_1_232' title='bbox 742 1603 794 1630; x_wconf 85' lang='lat' dir='ltr'><strong>est,</strong></span> <span class='ocrx_word' id='word_1_233' title='bbox 804 1602 902 1633; x_wconf 56' lang='lat' dir='ltr'><strong>prater</strong></span> <span class='ocrx_word' id='word_1_234' title='bbox 912 1598 968 1625; x_wconf 68' lang='lat' dir='ltr'><strong>haec</strong></span> <span class='ocrx_word' id='word_1_235' title='bbox 975 1605 1035 1632; x_wconf 72' lang='lat' dir='ltr'><strong>qua:</strong></span> 
     </span>
    </p>
   </div>
   <div class='ocr_carea' id='block_1_34' title="bbox 247 1642 1036 1680">
    <p class='ocr_par' dir='ltr' id='par_1_34' title="bbox 247 1642 1036 1680">
     <span class='ocr_line' id='line_1_34' title="bbox 247 1642 1036 1680; baseline -0.008 -6"><span class='ocrx_word' id='word_1_236' title='bbox 247 1647 321 1674; x_wconf 76' lang='lat' dir='ltr'><strong>dicta</strong></span> <span class='ocrx_word' id='word_1_237' title='bbox 335 1650 410 1677; x_wconf 88' lang='lat' dir='ltr'><strong>sunt,</strong></span> <span class='ocrx_word' id='word_1_238' title='bbox 425 1649 487 1680; x_wconf 86' lang='lat' dir='ltr'><strong>post</strong></span> <span class='ocrx_word' id='word_1_239' title='bbox 502 1645 700 1671; x_wconf 88' lang='lat' dir='ltr'><strong>sacriﬁciorutn</strong></span> <span class='ocrx_word' id='word_1_240' title='bbox 715 1648 740 1670; x_wconf 87' lang='lat' dir='ltr'><strong>et</strong></span> <span class='ocrx_word' id='word_1_241' title='bbox 755 1643 892 1670; x_wconf 87' lang='lat' dir='ltr'><strong>iibaminis</strong></span> <span class='ocrx_word' id='word_1_242' title='bbox 906 1642 1036 1670; x_wconf 85' lang='lat' dir='ltr'><strong>sublatio-</strong></span> 
     </span>
    </p>
   </div>
   <div class='ocr_carea' id='block_1_35' title="bbox 252 1688 1034 1724">
    <p class='ocr_par' dir='ltr' id='par_1_35' title="bbox 252 1688 1034 1724">
     <span class='ocr_line' id='line_1_35' title="bbox 252 1688 1034 1724; baseline -0.005 -5"><span class='ocrx_word' id='word_1_243' title='bbox 252 1700 326 1723; x_wconf 82' lang='lat' dir='ltr'><strong>nem,</strong></span> <span class='ocrx_word' id='word_1_244' title='bbox 337 1691 412 1718; x_wconf 83' lang='lat' dir='ltr'><strong>aliud</strong></span> <span class='ocrx_word' id='word_1_245' title='bbox 431 1690 520 1724; x_wconf 82' lang='lat' dir='ltr'><strong>majus</strong></span> <span class='ocrx_word' id='word_1_246' title='bbox 533 1689 644 1717; x_wconf 81' lang='lat' dir='ltr'><strong>accedet</strong></span> <span class='ocrx_word' id='word_1_247' title='bbox 656 1690 768 1716; x_wconf 87' lang='lat' dir='ltr'><strong>malum.</strong></span> <span class='ocrx_word' id='word_1_248' title='bbox 778 1689 920 1722; x_wconf 85' lang='lat' dir='ltr'><strong>Quodnam</strong></span> <span class='ocrx_word' id='word_1_249' title='bbox 930 1689 981 1716; x_wconf 89' lang='lat' dir='ltr'><strong>hoc</strong></span> <span class='ocrx_word' id='word_1_250' title='bbox 992 1688 1018 1715; x_wconf 88' lang='lat' dir='ltr'><strong>di</strong></span> <span class='ocrx_word' id='word_1_251' title='bbox 1026 1703 1034 1709; x_wconf 90' lang='lat'><strong><em>-</em></strong></span> 
     </span>
    </p>
   </div>
   <div class='ocr_carea' id='block_1_36' title="bbox 248 1733 1032 1771">
    <p class='ocr_par' dir='ltr' id='par_1_36' title="bbox 248 1733 1032 1771">
     <span class='ocr_line' id='line_1_36' title="bbox 248 1733 1032 1771; baseline -0.008 -6"><span class='ocrx_word' id='word_1_252' title='bbox 248 1738 309 1765; x_wconf 83' lang='lat' dir='ltr'><strong>cis?</strong></span> <span class='ocrx_word' id='word_1_253' title='bbox 320 1737 404 1771; x_wconf 84' lang='lat' dir='ltr'><strong>Super</strong></span> <span class='ocrx_word' id='word_1_254' title='bbox 415 1735 537 1769; x_wconf 79' lang='lat' dir='ltr'><strong>templum</strong></span> <span class='ocrx_word' id='word_1_255' title='bbox 553 1734 715 1761; x_wconf 83' lang='lat' dir='ltr'><strong>abaminatio</strong></span> <span class='ocrx_word' id='word_1_256' title='bbox 723 1733 904 1761; x_wconf 74' lang='lat' dir='ltr'><strong>desulutiouis.</strong></span> <span class='ocrx_word' id='word_1_257' title='bbox 933 1733 1032 1760; x_wconf 89' lang='lat' dir='ltr'><strong>Hieron</strong></span> 
     </span>
    </p>
   </div>
   <div class='ocr_carea' id='block_1_37' title="bbox 250 1779 1036 1815">
    <p class='ocr_par' dir='ltr' id='par_1_37' title="bbox 250 1779 1036 1815">
     <span class='ocr_line' id='line_1_37' title="bbox 250 1779 1036 1815; baseline -0.004 -5"><span class='ocrx_word' id='word_1_258' title='bbox 250 1785 322 1810; x_wconf 80' lang='lat' dir='ltr'><strong>enim</strong></span> <span class='ocrx_word' id='word_1_259' title='bbox 331 1781 788 1815; x_wconf 81' lang='lat' dir='ltr'><strong>vocatteutplutu,abouiinalionetu</strong></span> <span class='ocrx_word' id='word_1_260' title='bbox 797 1784 885 1806; x_wconf 85' lang='lat' dir='ltr'><strong>autent</strong></span> <span class='ocrx_word' id='word_1_261' title='bbox 893 1779 1036 1807; x_wconf 77' lang='lat' dir='ltr'><strong>desolatio-</strong></span> 
     </span>
    </p>
   </div>
   <div class='ocr_carea' id='block_1_38' title="bbox 248 1826 1041 1862">
    <p class='ocr_par' dir='ltr' id='par_1_38' title="bbox 248 1826 1041 1862">
     <span class='ocr_line' id='line_1_38' title="bbox 248 1826 1041 1862; baseline -0.001 -7"><span class='ocrx_word' id='word_1_262' title='bbox 248 1829 290 1855; x_wconf 85' lang='lat' dir='ltr'><strong>nis</strong></span> <span class='ocrx_word' id='word_1_263' title='bbox 303 1833 379 1854; x_wconf 89' lang='lat' dir='ltr'><strong>vocat</strong></span> <span class='ocrx_word' id='word_1_264' title='bbox 397 1833 522 1860; x_wconf 83' lang='lat' dir='ltr'><strong>statuam,</strong></span> <span class='ocrx_word' id='word_1_265' title='bbox 546 1834 625 1862; x_wconf 87' lang='lat' dir='ltr'><strong>quam</strong></span> <span class='ocrx_word' id='word_1_266' title='bbox 640 1826 780 1854; x_wconf 86' lang='lat' dir='ltr'><strong>collocavit</strong></span> <span class='ocrx_word' id='word_1_267' title='bbox 794 1826 819 1854; x_wconf 90' lang='lat' dir='ltr'><strong>in</strong></span> <span class='ocrx_word' id='word_1_268' title='bbox 843 1826 941 1862; x_wconf 91' lang='lat' dir='ltr'><strong>templo</strong></span> <span class='ocrx_word' id='word_1_269' title='bbox 961 1827 982 1854; x_wconf 90' lang='lat' dir='ltr'><strong>is</strong></span> <span class='ocrx_word' id='word_1_270' title='bbox 996 1827 1041 1862; x_wconf 87' lang='lat' dir='ltr'><strong>qui</strong></span> 
     </span>
    </p>
   </div>
   <div class='ocr_carea' id='block_1_39' title="bbox 248 1871 1043 1908">
    <p class='ocr_par' dir='ltr' id='par_1_39' title="bbox 248 1871 1043 1908">
     <span class='ocr_line' id='line_1_39' title="bbox 248 1871 1043 1908; baseline -0.003 -7"><span class='ocrx_word' id='word_1_271' title='bbox 248 1875 384 1902; x_wconf 78' lang='lat' dir='ltr'><strong>exciderat</strong></span> <span class='ocrx_word' id='word_1_272' title='bbox 393 1879 419 1901; x_wconf 87' lang='lat' dir='ltr'><strong>et</strong></span> <span class='ocrx_word' id='word_1_273' title='bbox 429 1878 561 1902; x_wconf 83' lang='lat' dir='ltr'><strong>everterat</strong></span> <span class='ocrx_word' id='word_1_274' title='bbox 569 1873 711 1900; x_wconf 87' lang='lat' dir='ltr'><strong>civitatem.</strong></span> <span class='ocrx_word' id='word_1_275' title='bbox 719 1871 754 1899; x_wconf 81' lang='lat' dir='ltr'><strong>Et</strong></span> <span class='ocrx_word' id='word_1_276' title='bbox 763 1881 840 1908; x_wconf 78' lang='lat' dir='ltr'><strong>usque</strong></span> <span class='ocrx_word' id='word_1_277' title='bbox 848 1873 881 1899; x_wconf 81' lang='lat' dir='ltr'><strong>od</strong></span> <span class='ocrx_word' id='word_1_278' title='bbox 889 1881 1043 1900; x_wconf 72' lang='lat' dir='ltr'><strong>consumma-</strong></span> 
     </span>
    </p>
   </div>
   <div class='ocr_carea' id='block_1_40' title="bbox 249 1918 1040 1954">
    <p class='ocr_par' dir='ltr' id='par_1_40' title="bbox 249 1918 1040 1954">
     <span class='ocr_line' id='line_1_40' title="bbox 249 1918 1040 1954; baseline -0.003 -8"><span class='ocrx_word' id='word_1_279' title='bbox 249 1921 351 1952; x_wconf 69' lang='lat' dir='ltr'><strong>tionem,</strong></span> <span class='ocrx_word' id='word_1_280' title='bbox 369 1920 463 1954; x_wconf 78' lang='lat' dir='ltr'><strong>inquit,</strong></span> <span class='ocrx_word' id='word_1_281' title='bbox 479 1919 610 1946; x_wconf 66' lang='lat' dir='ltr'><strong>desolatio.</strong></span> <span class='ocrx_word' id='word_1_282' title='bbox 626 1918 802 1952; x_wconf 88' lang='lat' dir='ltr'><strong>Quamobrem</strong></span> <span class='ocrx_word' id='word_1_283' title='bbox 825 1918 888 1945; x_wconf 86' lang='lat' dir='ltr'><strong>dicit</strong></span> <span class='ocrx_word' id='word_1_284' title='bbox 902 1918 1040 1951; x_wconf 69' lang='lat' dir='ltr'><strong>Christus,</strong></span> 
     </span>
    </p>
   </div>
   <div class='ocr_carea' id='block_1_41' title="bbox 248 1964 1042 1998">
    <p class='ocr_par' dir='ltr' id='par_1_41' title="bbox 248 1964 1042 1998">
     <span class='ocr_line' id='line_1_41' title="bbox 248 1964 1042 1998; baseline 0 -8"><span class='ocrx_word' id='word_1_285' title='bbox 248 1966 293 1998; x_wconf 88' lang='lat' dir='ltr'><strong>qui</strong></span> <span class='ocrx_word' id='word_1_286' title='bbox 316 1966 461 1991; x_wconf 58' lang='lat' dir='ltr'><strong>secundum</strong></span> <span class='ocrx_word' id='word_1_287' title='bbox 481 1973 586 1991; x_wconf 87' lang='lat' dir='ltr'><strong>carnem</strong></span> <span class='ocrx_word' id='word_1_288' title='bbox 614 1964 661 1991; x_wconf 84' lang='lat' dir='ltr'><strong>luit</strong></span> <span class='ocrx_word' id='word_1_289' title='bbox 685 1964 815 1998; x_wconf 71' lang='lat' dir='ltr'><strong>po~lcrior</strong></span> <span class='ocrx_word' id='word_1_290' title='bbox 838 1964 967 1991; x_wconf 81' lang='lat' dir='ltr'><strong>Antiocho</strong></span> <span class='ocrx_word' id='word_1_291' title='bbox 984 1964 1042 1998; x_wconf 59' lang='lat' dir='ltr'><strong>[Cpi-</strong></span> 
     </span>
    </p>
   </div>
   <div class='ocr_carea' id='block_1_42' title="bbox 251 2009 1044 2044">
    <p class='ocr_par' dir='ltr' id='par_1_42' title="bbox 251 2009 1044 2044">
     <span class='ocr_line' id='line_1_42' title="bbox 251 2009 1044 2044; baseline 0.003 -10"><span class='ocrx_word' id='word_1_292' title='bbox 251 2011 347 2044; x_wconf 84' lang='lat' dir='ltr'><strong>pliauc,</strong></span> <span class='ocrx_word' id='word_1_293' title='bbox 364 2011 512 2038; x_wconf 82' lang='lat' dir='ltr'><strong>vaticinans</strong></span> <span class='ocrx_word' id='word_1_294' title='bbox 526 2009 707 2036; x_wconf 88' lang='lat' dir='ltr'><strong>imminentem</strong></span> <span class='ocrx_word' id='word_1_295' title='bbox 721 2009 794 2036; x_wconf 86' lang='lat' dir='ltr'><strong>urbis</strong></span> <span class='ocrx_word' id='word_1_296' title='bbox 806 2010 998 2044; x_wconf 81' lang='lat' dir='ltr'><strong>captivitatem,</strong></span> <span class='ocrx_word' id='word_1_297' title='bbox 1012 2017 1044 2036; x_wconf 83' lang='lat' dir='ltr'><strong>ac</strong></span> 
     </span>
    </p>
   </div>
   <div class='ocr_carea' id='block_1_43' title="bbox 251 2055 1043 2091">
    <p class='ocr_par' dir='ltr' id='par_1_43' title="bbox 251 2055 1043 2091">
     <span class='ocr_line' id='line_1_43' title="bbox 251 2055 1043 2091; baseline -0.001 -8"><span class='ocrx_word' id='word_1_298' title='bbox 251 2058 390 2084; x_wconf 87' lang='lat' dir='ltr'><strong>declarans</strong></span> <span class='ocrx_word' id='word_1_299' title='bbox 408 2057 478 2091; x_wconf 92' lang='lat' dir='ltr'><strong>quod</strong></span> <span class='ocrx_word' id='word_1_300' title='bbox 494 2057 527 2083; x_wconf 90' lang='lat' dir='ltr'><strong>dc</strong></span> <span class='ocrx_word' id='word_1_301' title='bbox 549 2056 598 2084; x_wconf 86' lang='lat' dir='ltr'><strong>hac</strong></span> <span class='ocrx_word' id='word_1_302' title='bbox 619 2056 770 2091; x_wconf 74' lang='lat' dir='ltr'><strong>praedixerit</strong></span> <span class='ocrx_word' id='word_1_303' title='bbox 787 2056 877 2083; x_wconf 87' lang='lat' dir='ltr'><strong>Daniel</strong></span> <span class='ocrx_word' id='word_1_304' title='bbox 892 2065 899 2083; x_wconf 87' lang='lat'><strong>:</strong></span> <span class='ocrx_word' id='word_1_305' title='bbox 914 2055 986 2089; x_wconf 83' lang='lat' dir='ltr'><strong>Cant,</strong></span> <span class='ocrx_word' id='word_1_306' title='bbox 1002 2056 1043 2082; x_wconf 90' lang='lat' dir='ltr'><strong>in-</strong></span> 
     </span>
    </p>
   </div>
   <div class='ocr_carea' id='block_1_44' title="bbox 252 2102 1045 2138">
    <p class='ocr_par' dir='ltr' id='par_1_44' title="bbox 252 2102 1045 2138">
     <span class='ocr_line' id='line_1_44' title="bbox 252 2102 1045 2138; baseline -0.004 -8"><span class='ocrx_word' id='word_1_307' title='bbox 252 2104 319 2138; x_wconf 85' lang='lat' dir='ltr'><strong>quit,</strong></span> <span class='ocrx_word' id='word_1_308' title='bbox 345 2103 454 2130; x_wconf 79' lang='lat' dir='ltr'><strong>uideritis</strong></span> <span class='ocrx_word' id='word_1_309' title='bbox 476 2103 686 2129; x_wconf 75' lang='lat' dir='ltr'><strong>abominationem</strong></span> <span class='ocrx_word' id='word_1_310' title='bbox 708 2102 879 2135; x_wconf 74' lang='lat' dir='ltr'><strong>desolationis,</strong></span> <span class='ocrx_word' id='word_1_311' title='bbox 894 2102 925 2128; x_wconf 86' lang='lat' dir='ltr'><strong>de</strong></span> <span class='ocrx_word' id='word_1_312' title='bbox 944 2109 993 2136; x_wconf 80' lang='lat' dir='ltr'><strong>qua</strong></span> <span class='ocrx_word' id='word_1_313' title='bbox 1008 2102 1045 2127; x_wconf 84' lang='lat' dir='ltr'><strong>lo-</strong></span> 
     </span>
    </p>
   </div>
   <div class='ocr_carea' id='block_1_45' title="bbox 253 2147 1046 2184">
    <p class='ocr_par' dir='ltr' id='par_1_45' title="bbox 253 2147 1046 2184">
     <span class='ocr_line' id='line_1_45' title="bbox 253 2147 1046 2184; baseline -0.003 -9"><span class='ocrx_word' id='word_1_314' title='bbox 253 2154 344 2184; x_wconf 78' lang='lat' dir='ltr'><strong>quutus</strong></span> <span class='ocrx_word' id='word_1_315' title='bbox 357 2154 392 2175; x_wconf 79' lang='lat' dir='ltr'><strong>est</strong></span> <span class='ocrx_word' id='word_1_316' title='bbox 406 2149 499 2176; x_wconf 74' lang='lat' dir='ltr'><strong>Daniel</strong></span> <span class='ocrx_word' id='word_1_317' title='bbox 511 2149 644 2182; x_wconf 81' lang='lat' dir='ltr'><strong>prop/tcta,</strong></span> <span class='ocrx_word' id='word_1_318' title='bbox 657 2153 762 2174; x_wconf 78' lang='lat' dir='ltr'><strong>stantem</strong></span> <span class='ocrx_word' id='word_1_319' title='bbox 776 2148 801 2174; x_wconf 85' lang='lat' dir='ltr'><strong>in</strong></span> <span class='ocrx_word' id='word_1_320' title='bbox 815 2148 869 2174; x_wconf 85' lang='lat' dir='ltr'><strong>loco</strong></span> <span class='ocrx_word' id='word_1_321' title='bbox 883 2153 970 2174; x_wconf 74' lang='lat' dir='ltr'><strong>sancto</strong></span> <span class='ocrx_word' id='word_1_322' title='bbox 982 2155 990 2173; x_wconf 89' lang='lat'><strong><em>:</em></strong></span> <span class='ocrx_word' id='word_1_323' title='bbox 1003 2147 1046 2181; x_wconf 86' lang='lat' dir='ltr'><strong>qui</strong></span> 
     </span>
    </p>
   </div>
   <div class='ocr_carea' id='block_1_46' title="bbox 250 2193 1045 2230">
    <p class='ocr_par' dir='ltr' id='par_1_46' title="bbox 250 2193 1045 2230">
     <span class='ocr_line' id='line_1_46' title="bbox 250 2193 1045 2230; baseline -0.004 -9"><span class='ocrx_word' id='word_1_324' title='bbox 250 2195 310 2230; x_wconf 76' lang='lat' dir='ltr'><strong>legit</strong></span> <span class='ocrx_word' id='word_1_325' title='bbox 324 2195 446 2229; x_wconf 75' lang='lat' dir='ltr'><strong>intelligat</strong></span> <span class='ocrx_word' id='word_1_326' title='bbox 466 2193 570 2230; x_wconf 79' lang='lat' dir='ltr'><strong>(Matth.</strong></span> <span class='ocrx_word' id='word_1_327' title='bbox 594 2193 638 2220; x_wconf 64' lang='lat'><strong>95.</strong></span> <span class='ocrx_word' id='word_1_328' title='bbox 656 2193 710 2229; x_wconf 70' lang='grc'><strong>15).</strong></span> <span class='ocrx_word' id='word_1_329' title='bbox 726 2193 857 2226; x_wconf 84' lang='lat' dir='ltr'><strong>Quoniam</strong></span> <span class='ocrx_word' id='word_1_330' title='bbox 881 2193 951 2219; x_wconf 80' lang='lat' dir='ltr'><strong>enim</strong></span> <span class='ocrx_word' id='word_1_331' title='bbox 966 2199 1045 2219; x_wconf 87' lang='lat' dir='ltr'><strong>omne</strong></span> 
     </span>
    </p>
   </div>
   <div class='ocr_carea' id='block_1_47' title="bbox 251 2237 1045 2272">
    <p class='ocr_par' dir='ltr' id='par_1_47' title="bbox 251 2237 1045 2272">
     <span class='ocr_line' id='line_1_47' title="bbox 251 2237 1045 2272; baseline -0.005 -5"><span class='ocrx_word' id='word_1_332' title='bbox 251 2241 420 2267; x_wconf 87' lang='lat' dir='ltr'><strong>simulacrum</strong></span> <span class='ocrx_word' id='word_1_333' title='bbox 437 2245 464 2266; x_wconf 84' lang='lat' dir='ltr'><strong>et</strong></span> <span class='ocrx_word' id='word_1_334' title='bbox 475 2239 588 2265; x_wconf 89' lang='lat' dir='ltr'><strong>hominis</strong></span> <span class='ocrx_word' id='word_1_335' title='bbox 602 2238 704 2272; x_wconf 78' lang='lat' dir='ltr'><strong>el&#39;ligies</strong></span> <span class='ocrx_word' id='word_1_336' title='bbox 716 2239 784 2272; x_wconf 87' lang='lat' dir='ltr'><strong>apud</strong></span> <span class='ocrx_word' id='word_1_337' title='bbox 799 2237 907 2265; x_wconf 66' lang='lat' dir='ltr'><strong>Judtcos</strong></span> <span class='ocrx_word' id='word_1_338' title='bbox 927 2238 1045 2272; x_wconf 78' lang='lat' dir='ltr'><strong>appella-</strong></span> 
     </span>
    </p>
   </div>
   <div class='ocr_carea' id='block_1_48' title="bbox 253 2285 1041 2319">
    <p class='ocr_par' dir='ltr' id='par_1_48' title="bbox 253 2285 1041 2319">
     <span class='ocr_line' id='line_1_48' title="bbox 253 2285 1041 2319; baseline -0.003 -7"><span class='ocrx_word' id='word_1_339' title='bbox 253 2286 332 2313; x_wconf 85' lang='lat' dir='ltr'><strong>batur</strong></span> <span class='ocrx_word' id='word_1_340' title='bbox 352 2286 531 2315; x_wconf 78' lang='lat' dir='ltr'><strong>ahominatio,</strong></span> <span class='ocrx_word' id='word_1_341' title='bbox 553 2285 718 2319; x_wconf 73' lang='lat' dir='ltr'><strong>scnigtuatice</strong></span> <span class='ocrx_word' id='word_1_342' title='bbox 747 2285 901 2318; x_wconf 81' lang='lat' dir='ltr'><strong>signiﬁcans</strong></span> <span class='ocrx_word' id='word_1_343' title='bbox 926 2288 1041 2311; x_wconf 88' lang='lat' dir='ltr'><strong>statuant</strong></span> 
     </span>
    </p>
   </div>
   <div class='ocr_carea' id='block_1_49' title="bbox 254 2331 1047 2365">
    <p class='ocr_par' dir='ltr' id='par_1_49' title="bbox 254 2331 1047 2365">
     <span class='ocr_line' id='line_1_49' title="bbox 254 2331 1047 2365; baseline -0.004 -6"><span class='ocrx_word' id='word_1_344' title='bbox 254 2332 338 2363; x_wconf 76' lang='lat' dir='ltr'><strong>illam,</strong></span> <span class='ocrx_word' id='word_1_345' title='bbox 361 2331 438 2358; x_wconf 89' lang='lat' dir='ltr'><strong>simul</strong></span> <span class='ocrx_word' id='word_1_346' title='bbox 459 2331 563 2365; x_wconf 82' lang='lat' dir='ltr'><strong>aperuit</strong></span> <span class='ocrx_word' id='word_1_347' title='bbox 585 2336 612 2357; x_wconf 92' lang='lat' dir='ltr'><strong>cl</strong></span> <span class='ocrx_word' id='word_1_348' title='bbox 634 2337 687 2364; x_wconf 89' lang='lat' dir='ltr'><strong>quo</strong></span> <span class='ocrx_word' id='word_1_349' title='bbox 701 2334 830 2364; x_wconf 70' lang='lat' dir='ltr'><strong>tempore,</strong></span> <span class='ocrx_word' id='word_1_350' title='bbox 852 2333 904 2356; x_wconf 86' lang='lat' dir='ltr'><strong>eta</strong></span> <span class='ocrx_word' id='word_1_351' title='bbox 918 2337 971 2364; x_wconf 84' lang='lat' dir='ltr'><strong>quo</strong></span> <span class='ocrx_word' id='word_1_352' title='bbox 985 2337 1047 2364; x_wconf 82' lang='lat' dir='ltr'><strong>rege</strong></span> 
     </span>
    </p>
   </div>
   <div class='ocr_carea' id='block_1_50' title="bbox 254 2375 1048 2412">
    <p class='ocr_par' dir='ltr' id='par_1_50' title="bbox 254 2375 1048 2412">
     <span class='ocr_line' id='line_1_50' title="bbox 254 2375 1048 2412; baseline -0.003 -8"><span class='ocrx_word' id='word_1_353' title='bbox 254 2377 393 2412; x_wconf 79' lang='lat' dir='ltr'><strong>Captivitas</strong></span> <span class='ocrx_word' id='word_1_354' title='bbox 405 2381 476 2404; x_wconf 66' lang='lat' dir='ltr'><strong>esset</strong></span> <span class='ocrx_word' id='word_1_355' title='bbox 488 2380 608 2401; x_wconf 75' lang='lat' dir='ltr'><strong>ventura.</strong></span> <span class='ocrx_word' id='word_1_356' title='bbox 620 2375 694 2408; x_wconf 85' lang='lat' dir='ltr'><strong>Quod</strong></span> <span class='ocrx_word' id='word_1_357' title='bbox 709 2380 796 2401; x_wconf 86' lang='lat' dir='ltr'><strong>autem</strong></span> <span class='ocrx_word' id='word_1_358' title='bbox 811 2375 842 2402; x_wconf 88' lang='lat' dir='ltr'><strong>de</strong></span> <span class='ocrx_word' id='word_1_359' title='bbox 855 2375 980 2402; x_wconf 76' lang='lat' dir='ltr'><strong>Romanis</strong></span> <span class='ocrx_word' id='word_1_360' title='bbox 991 2375 1048 2402; x_wconf 75' lang='lat' dir='ltr'><strong>lucc</strong></span> 
     </span>
    </p>
   </div>
   <div class='ocr_carea' id='block_1_51' title="bbox 255 2420 1048 2456">
    <p class='ocr_par' dir='ltr' id='par_1_51' title="bbox 255 2420 1048 2456">
     <span class='ocr_line' id='line_1_51' title="bbox 255 2420 1048 2456; baseline -0.003 -6"><span class='ocrx_word' id='word_1_361' title='bbox 255 2424 324 2450; x_wconf 77' lang='lat' dir='ltr'><strong>dlt‘lﬂ</strong></span> <span class='ocrx_word' id='word_1_362' title='bbox 350 2423 414 2456; x_wconf 65' lang='lat' dir='ltr'><strong>sint,</strong></span> <span class='ocrx_word' id='word_1_363' title='bbox 436 2426 464 2448; x_wconf 89' lang='lat' dir='ltr'><strong>et</strong></span> <span class='ocrx_word' id='word_1_364' title='bbox 488 2421 544 2456; x_wconf 84' lang='lat' dir='ltr'><strong>ipse</strong></span> <span class='ocrx_word' id='word_1_365' title='bbox 568 2420 716 2454; x_wconf 74' lang='lat' dir='ltr'><strong>lost-phus,</strong></span> <span class='ocrx_word' id='word_1_366' title='bbox 740 2421 964 2455; x_wconf 79' lang='lat' dir='ltr'><strong>qttetuadmodum</strong></span> <span class='ocrx_word' id='word_1_367' title='bbox 985 2425 1048 2448; x_wconf 86' lang='lat' dir='ltr'><strong>ante</strong></span> 
     </span>
    </p>
   </div>
   <div class='ocr_carea' id='block_1_52' title="bbox 255 2466 1049 2503">
    <p class='ocr_par' dir='ltr' id='par_1_52' title="bbox 255 2466 1049 2503">
     <span class='ocr_line' id='line_1_52' title="bbox 255 2466 1049 2503; baseline -0.001 -7"><span class='ocrx_word' id='word_1_368' title='bbox 255 2469 405 2500; x_wconf 84' lang='lat' dir='ltr'><strong>docuimus,</strong></span> <span class='ocrx_word' id='word_1_369' title='bbox 422 2467 593 2494; x_wconf 84' lang='lat' dir='ltr'><strong>asseveravit.</strong></span> <span class='ocrx_word' id='word_1_370' title='bbox 607 2466 675 2500; x_wconf 85' lang='lat' dir='ltr'><strong>Quid</strong></span> <span class='ocrx_word' id='word_1_371' title='bbox 689 2467 766 2502; x_wconf 81' lang='lat' dir='ltr'><strong>igitur</strong></span> <span class='ocrx_word' id='word_1_372' title='bbox 779 2467 854 2494; x_wconf 85' lang='lat' dir='ltr'><strong>vobis</strong></span> <span class='ocrx_word' id='word_1_373' title='bbox 865 2468 994 2503; x_wconf 83' lang='lat' dir='ltr'><strong>reliquum</strong></span> <span class='ocrx_word' id='word_1_374' title='bbox 1009 2473 1049 2496; x_wconf 89' lang='lat' dir='ltr'><strong>cst</strong></span> 
     </span>
    </p>
   </div>
   <div class='ocr_carea' id='block_1_53' title="bbox 257 2513 1048 2550">
    <p class='ocr_par' dir='ltr' id='par_1_53' title="bbox 257 2513 1048 2550">
     <span class='ocr_line' id='line_1_53' title="bbox 257 2513 1048 2550; baseline 0.001 -10"><span class='ocrx_word' id='word_1_375' title='bbox 257 2515 326 2550; x_wconf 87' lang='lat' dir='ltr'><strong>quod</strong></span> <span class='ocrx_word' id='word_1_376' title='bbox 343 2513 497 2548; x_wconf 81' lang='lat' dir='ltr'><strong>loquamini,</strong></span> <span class='ocrx_word' id='word_1_377' title='bbox 514 2521 573 2540; x_wconf 89' lang='lat' dir='ltr'><strong>cum</strong></span> <span class='ocrx_word' id='word_1_378' title='bbox 590 2513 706 2547; x_wconf 81' lang='lat' dir='ltr'><strong>reliquas</strong></span> <span class='ocrx_word' id='word_1_379' title='bbox 721 2514 887 2548; x_wconf 85' lang='lat' dir='ltr'><strong>captivitalcs</strong></span> <span class='ocrx_word' id='word_1_380' title='bbox 901 2514 1048 2548; x_wconf 67' lang='lat' dir='ltr'><strong>prmdiren-</strong></span> 
     </span>
    </p>
   </div>
   <div class='ocr_carea' id='block_1_54' title="bbox 258 2558 1050 2594">
    <p class='ocr_par' dir='ltr' id='par_1_54' title="bbox 258 2558 1050 2594">
     <span class='ocr_line' id='line_1_54' title="bbox 258 2558 1050 2594; baseline 0 -7"><span class='ocrx_word' id='word_1_381' title='bbox 258 2565 297 2587; x_wconf 81' lang='lat' dir='ltr'><strong>tes</strong></span> <span class='ocrx_word' id='word_1_382' title='bbox 312 2559 457 2594; x_wconf 63' lang='lat' dir='ltr'><strong>propheta),</strong></span> <span class='ocrx_word' id='word_1_383' title='bbox 479 2562 580 2585; x_wconf 83' lang='lat' dir='ltr'><strong>certum</strong></span> <span class='ocrx_word' id='word_1_384' title='bbox 605 2563 631 2585; x_wconf 90' lang='lat' dir='ltr'><strong>et</strong></span> <span class='ocrx_word' id='word_1_385' title='bbox 652 2558 811 2594; x_wconf 80' lang='lat' dir='ltr'><strong>pra:ﬁnitnm</strong></span> <span class='ocrx_word' id='word_1_386' title='bbox 836 2564 940 2593; x_wconf 82' lang='lat' dir='ltr'><strong>tempus</strong></span> <span class='ocrx_word' id='word_1_387' title='bbox 961 2559 1050 2594; x_wconf 72' lang='lat' dir='ltr'><strong>expri-</strong></span> 
     </span>
    </p>
   </div>
   <div class='ocr_carea' id='block_1_55' title="bbox 259 2604 1049 2641">
    <p class='ocr_par' dir='ltr' id='par_1_55' title="bbox 259 2604 1049 2641">
     <span class='ocr_line' id='line_1_55' title="bbox 259 2604 1049 2641; baseline -0.001 -8"><span class='ocrx_word' id='word_1_388' title='bbox 259 2610 334 2633; x_wconf 86' lang='lat' dir='ltr'><strong>ntaut</strong></span> <span class='ocrx_word' id='word_1_389' title='bbox 349 2613 355 2632; x_wconf 92' lang='lat'>:</span> <span class='ocrx_word' id='word_1_390' title='bbox 371 2605 431 2632; x_wconf 89' lang='lat' dir='ltr'><strong>huic</strong></span> <span class='ocrx_word' id='word_1_391' title='bbox 455 2604 556 2631; x_wconf 90' lang='lat' dir='ltr'><strong>nullum</strong></span> <span class='ocrx_word' id='word_1_392' title='bbox 580 2610 684 2639; x_wconf 89' lang='lat' dir='ltr'><strong>tempus</strong></span> <span class='ocrx_word' id='word_1_393' title='bbox 709 2606 865 2640; x_wconf 66' lang='lat' dir='ltr'><strong>praeﬁuiaut,</strong></span> <span class='ocrx_word' id='word_1_394' title='bbox 879 2606 941 2640; x_wconf 92' lang='lat' dir='ltr'><strong>quin</strong></span> <span class='ocrx_word' id='word_1_395' title='bbox 960 2606 1049 2641; x_wconf 81' lang='lat' dir='ltr'><strong>potius</strong></span> 
     </span>
    </p>
   </div>
   <div class='ocr_carea' id='block_1_56' title="bbox 259 2651 1049 2687">
    <p class='ocr_par' dir='ltr' id='par_1_56' title="bbox 259 2651 1049 2687">
     <span class='ocr_line' id='line_1_56' title="bbox 259 2651 1049 2687; baseline -0.001 -7"><span class='ocrx_word' id='word_1_396' title='bbox 259 2652 422 2680; x_wconf 86' lang='lat' dir='ltr'><strong>contrarium</strong></span> <span class='ocrx_word' id='word_1_397' title='bbox 444 2651 553 2683; x_wconf 85' lang='lat' dir='ltr'><strong>addant,</strong></span> <span class='ocrx_word' id='word_1_398' title='bbox 575 2651 699 2678; x_wconf 81' lang='lat' dir='ltr'><strong>videlict-t</strong></span> <span class='ocrx_word' id='word_1_399' title='bbox 717 2652 895 2685; x_wconf 84' lang='lat' dir='ltr'><strong>captivitatem</strong></span> <span class='ocrx_word' id='word_1_400' title='bbox 919 2659 1002 2687; x_wconf 85' lang='lat' dir='ltr'><strong>usque</strong></span> <span class='ocrx_word' id='word_1_401' title='bbox 1016 2652 1049 2679; x_wconf 86' lang='lat' dir='ltr'><strong>ad</strong></span> 
     </span>
    </p>
   </div>
   <div class='ocr_carea' id='block_1_57' title="bbox 259 2697 1051 2732">
    <p class='ocr_par' dir='ltr' id='par_1_57' title="bbox 259 2697 1051 2732">
     <span class='ocr_line' id='line_1_57' title="bbox 259 2697 1051 2732; baseline 0 -7"><span class='ocrx_word' id='word_1_402' title='bbox 259 2698 515 2726; x_wconf 77' lang='lat' dir='ltr'><strong>consummationem</strong></span> <span class='ocrx_word' id='word_1_403' title='bbox 538 2697 809 2724; x_wconf 66' lang='lat' dir='ltr'><strong>duraturamll’orro</strong></span> <span class='ocrx_word' id='word_1_404' title='bbox 831 2697 901 2732; x_wconf 89' lang='lat' dir='ltr'><strong>quod</strong></span> <span class='ocrx_word' id='word_1_405' title='bbox 923 2698 1051 2726; x_wconf 87' lang='lat' dir='ltr'><strong>hactenus</strong></span> 
     </span>
    </p>
   </div>
   <div class='ocr_carea' id='block_1_58' title="bbox 259 2743 1052 2779">
    <p class='ocr_par' dir='ltr' id='par_1_58' title="bbox 259 2743 1052 2779">
     <span class='ocr_line' id='line_1_58' title="bbox 259 2743 1052 2779; baseline -0.003 -7"><span class='ocrx_word' id='word_1_406' title='bbox 259 2746 328 2772; x_wconf 87' lang='lat' dir='ltr'><strong>dicta</strong></span> <span class='ocrx_word' id='word_1_407' title='bbox 344 2751 411 2771; x_wconf 77' lang='lat' dir='ltr'><strong>vam</strong></span> <span class='ocrx_word' id='word_1_408' title='bbox 427 2752 479 2771; x_wconf 92' lang='lat' dir='ltr'><strong>non</strong></span> <span class='ocrx_word' id='word_1_409' title='bbox 498 2743 562 2777; x_wconf 81' lang='lat' dir='ltr'><strong>sint,</strong></span> <span class='ocrx_word' id='word_1_410' title='bbox 577 2750 626 2779; x_wconf 79' lang='lat' dir='ltr'><strong>ago</strong></span> <span class='ocrx_word' id='word_1_411' title='bbox 638 2751 652 2770; x_wconf 90' lang='lat' dir='ltr'><strong>a</strong></span> <span class='ocrx_word' id='word_1_412' title='bbox 665 2743 743 2770; x_wconf 86' lang='lat' dir='ltr'><strong>rebus</strong></span> <span class='ocrx_word' id='word_1_413' title='bbox 754 2743 833 2770; x_wconf 87' lang='lat' dir='ltr'><strong>etiam</strong></span> <span class='ocrx_word' id='word_1_414' title='bbox 847 2743 911 2778; x_wconf 76' lang='lat' dir='ltr'><strong>ipsis</strong></span> <span class='ocrx_word' id='word_1_415' title='bbox 924 2743 1052 2771; x_wconf 68' lang='lat' dir='ltr'><strong>exhibea-</strong></span> 
     </span>
    </p>
   </div>
   <div class='ocr_carea' id='block_1_59' title="bbox 260 2789 1052 2825">
    <p class='ocr_par' dir='ltr' id='par_1_59' title="bbox 260 2789 1052 2825">
     <span class='ocr_line' id='line_1_59' title="bbox 260 2789 1052 2825; baseline 0 -7"><span class='ocrx_word' id='word_1_416' title='bbox 260 2799 318 2818; x_wconf 87' lang='lat' dir='ltr'><strong>mus</strong></span> <span class='ocrx_word' id='word_1_417' title='bbox 331 2790 522 2818; x_wconf 85' lang='lat' dir='ltr'><strong>testimonium.</strong></span> <span class='ocrx_word' id='word_1_418' title='bbox 536 2789 604 2818; x_wconf 90' lang='lat' dir='ltr'><strong>Nam</strong></span> <span class='ocrx_word' id='word_1_419' title='bbox 619 2791 641 2817; x_wconf 85' lang='lat' dir='ltr'><strong>si</strong></span> <span class='ocrx_word' id='word_1_420' title='bbox 654 2789 739 2818; x_wconf 72' lang='lat' dir='ltr'><strong>Judmi</strong></span> <span class='ocrx_word' id='word_1_421' title='bbox 750 2797 892 2825; x_wconf 86' lang='lat' dir='ltr'><strong>numquam</strong></span> <span class='ocrx_word' id='word_1_422' title='bbox 906 2795 1052 2818; x_wconf 80' lang='lat' dir='ltr'><strong>tentasscnt</strong></span> 
     </span>
    </p>
   </div>
   <div class='ocr_carea' id='block_1_60' title="bbox 261 2835 1050 2871">
    <p class='ocr_par' dir='ltr' id='par_1_60' title="bbox 261 2835 1050 2871">
     <span class='ocr_line' id='line_1_60' title="bbox 261 2835 1050 2871; baseline -0.003 -6"><span class='ocrx_word' id='word_1_423' title='bbox 261 2838 395 2865; x_wconf 71' lang='lat' dir='ltr'><strong>aediﬁcare</strong></span> <span class='ocrx_word' id='word_1_424' title='bbox 409 2836 548 2871; x_wconf 86' lang='lat' dir='ltr'><strong>templum,</strong></span> <span class='ocrx_word' id='word_1_425' title='bbox 567 2835 657 2864; x_wconf 83' lang='lat' dir='ltr'><strong>dicere</strong></span> <span class='ocrx_word' id='word_1_426' title='bbox 680 2839 803 2871; x_wconf 80' lang='lat' dir='ltr'><strong>poterant</strong></span> <span class='ocrx_word' id='word_1_427' title='bbox 839 2837 860 2863; x_wconf 92' lang='lat' dir='ltr'><strong>si</strong></span> <span class='ocrx_word' id='word_1_428' title='bbox 876 2836 1050 2864; x_wconf 84' lang='lat' dir='ltr'><strong>voluissemus</strong></span> 
     </span>
    </p>
   </div>
   <div class='ocr_carea' id='block_1_61' title="bbox 593 111 1505 155">
    <p class='ocr_par' dir='ltr' id='par_1_61' title="bbox 593 111 1505 155">
     <span class='ocr_line' id='line_1_61' title="bbox 593 111 1505 155; baseline -0.003 -1"><span class='ocrx_word' id='word_1_429' title='bbox 593 127 622 155; x_wconf 88' lang='lat' dir='ltr'><strong>S.</strong></span> <span class='ocrx_word' id='word_1_430' title='bbox 642 125 781 155; x_wconf 71' lang='lat' dir='ltr'><strong>JOANNIS</strong></span> <span class='ocrx_word' id='word_1_431' title='bbox 800 121 1037 154; x_wconf 72' lang='lat' dir='ltr'><strong>CllRYSOSTO)“</strong></span> <span class='ocrx_word' id='word_1_432' title='bbox 1056 111 1215 153; x_wconf 76' lang='lat' dir='ltr'><strong>ARCIIIEP.</strong></span> <span class='ocrx_word' id='word_1_433' title='bbox 1235 121 1505 152; x_wconf 66' lang='lat' dir='ltr'><strong>CONSTANTINOP.</strong></span> 
     </span>
    </p>
   </div>
   <div class='ocr_carea' id='block_1_62' title="bbox 1825 123 1886 150">
    <p class='ocr_par' dir='ltr' id='par_1_62' title="bbox 1825 123 1886 150">
     <span class='ocr_line' id='line_1_62' title="bbox 1825 123 1886 150; baseline 0 -1"><span class='ocrx_word' id='word_1_434' title='bbox 1825 123 1886 150; x_wconf 71' lang='lat'><strong>900</strong></span> 
     </span>
    </p>
   </div>
   <div class='ocr_carea' id='block_1_63' title="bbox 1079 183 1887 221">
    <p class='ocr_par' dir='ltr' id='par_1_63' title="bbox 1079 183 1887 221">
     <span class='ocr_line' id='line_1_63' title="bbox 1079 183 1887 221; baseline -0.004 -9"><span class='ocrx_word' id='word_1_435' title='bbox 1079 184 1188 220; x_wconf 82' lang='lat' dir='ltr'><strong>aggredi</strong></span> <span class='ocrx_word' id='word_1_436' title='bbox 1210 184 1302 221; x_wconf 91' lang='lat' dir='ltr'><strong>templi</strong></span> <span class='ocrx_word' id='word_1_437' title='bbox 1319 185 1548 218; x_wconf 86' lang='lat' dir='ltr'><strong>instaurationem,</strong></span> <span class='ocrx_word' id='word_1_438' title='bbox 1562 184 1671 212; x_wconf 88' lang='lat' dir='ltr'><strong>omnino</strong></span> <span class='ocrx_word' id='word_1_439' title='bbox 1684 183 1887 220; x_wconf 74' lang='lat' dir='ltr'><strong>potuisset-ius,</strong></span> 
     </span>
    </p>
   </div>
   <div class='ocr_carea' id='block_1_64' title="bbox 1080 230 1888 266">
    <p class='ocr_par' dir='ltr' id='par_1_64' title="bbox 1080 230 1888 266">
     <span class='ocr_line' id='line_1_64' title="bbox 1080 230 1888 266; baseline -0.002 -9"><span class='ocrx_word' id='word_1_440' title='bbox 1080 235 1107 257; x_wconf 92' lang='lat' dir='ltr'><strong>et</strong></span> <span class='ocrx_word' id='word_1_441' title='bbox 1121 230 1339 265; x_wconf 82' lang='lat' dir='ltr'><strong>perlecissemus.</strong></span> <span class='ocrx_word' id='word_1_442' title='bbox 1354 230 1431 258; x_wconf 87' lang='lat' dir='ltr'><strong>Nunc</strong></span> <span class='ocrx_word' id='word_1_443' title='bbox 1453 235 1541 258; x_wconf 87' lang='lat' dir='ltr'><strong>autetn</strong></span> <span class='ocrx_word' id='word_1_444' title='bbox 1559 237 1603 258; x_wconf 83' lang='lat' dir='ltr'><strong>re:</strong></span> <span class='ocrx_word' id='word_1_445' title='bbox 1618 238 1674 266; x_wconf 82' lang='lat' dir='ltr'><strong>ipsa</strong></span> <span class='ocrx_word' id='word_1_446' title='bbox 1689 230 1863 257; x_wconf 87' lang='lat' dir='ltr'><strong>demonstrat</strong></span> <span class='ocrx_word' id='word_1_447' title='bbox 1878 249 1888 259; x_wconf 85' lang='lat'><strong><em>.</em></strong></span> 
     </span>
    </p>
   </div>
   <div class='ocr_carea' id='block_1_65' title="bbox 1081 274 1889 311">
    <p class='ocr_par' dir='ltr' id='par_1_65' title="bbox 1081 274 1889 311">
     <span class='ocr_line' id='line_1_65' title="bbox 1081 274 1889 311; baseline -0.004 -9"><span class='ocrx_word' id='word_1_448' title='bbox 1081 283 1128 302; x_wconf 84' lang='lat' dir='ltr'><strong>eos</strong></span> <span class='ocrx_word' id='word_1_449' title='bbox 1143 284 1195 303; x_wconf 91' lang='lat' dir='ltr'><strong>non</strong></span> <span class='ocrx_word' id='word_1_450' title='bbox 1212 277 1294 303; x_wconf 72' lang='lat' dir='ltr'><strong>srmel</strong></span> <span class='ocrx_word' id='word_1_451' title='bbox 1314 281 1360 304; x_wconf 87' lang='lat' dir='ltr'><strong>aut</strong></span> <span class='ocrx_word' id='word_1_452' title='bbox 1373 276 1423 308; x_wconf 86' lang='lat' dir='ltr'><strong>bis,</strong></span> <span class='ocrx_word' id='word_1_453' title='bbox 1437 276 1484 304; x_wconf 90' lang='lat' dir='ltr'><strong>sed</strong></span> <span class='ocrx_word' id='word_1_454' title='bbox 1500 281 1542 304; x_wconf 90' lang='lat' dir='ltr'><strong>ter</strong></span> <span class='ocrx_word' id='word_1_455' title='bbox 1562 283 1702 311; x_wconf 74' lang='lat' dir='ltr'><strong>aggressos</strong></span> <span class='ocrx_word' id='word_1_456' title='bbox 1714 279 1742 302; x_wconf 87' lang='lat' dir='ltr'><strong>et</strong></span> <span class='ocrx_word' id='word_1_457' title='bbox 1756 274 1889 309; x_wconf 70' lang='lat' dir='ltr'><strong>repulsas</strong></span> 
     </span>
    </p>
   </div>
   <div class='ocr_carea' id='block_1_66' title="bbox 1081 321 1877 357">
    <p class='ocr_par' dir='ltr' id='par_1_66' title="bbox 1081 321 1877 357">
     <span class='ocr_line' id='line_1_66' title="bbox 1081 321 1877 357; baseline -0.004 -8"><span class='ocrx_word' id='word_1_458' title='bbox 1081 330 1151 355; x_wconf 87' lang='lat' dir='ltr'><strong>esse,</strong></span> <span class='ocrx_word' id='word_1_459' title='bbox 1167 330 1219 349; x_wconf 91' lang='lat' dir='ltr'><strong>non</strong></span> <span class='ocrx_word' id='word_1_460' title='bbox 1232 323 1310 349; x_wconf 85' lang='lat' dir='ltr'><strong>aliter</strong></span> <span class='ocrx_word' id='word_1_461' title='bbox 1323 331 1402 357; x_wconf 86' lang='lat' dir='ltr'><strong>quam</strong></span> <span class='ocrx_word' id='word_1_462' title='bbox 1417 323 1447 350; x_wconf 87' lang='lat' dir='ltr'><strong>ﬁt</strong></span> <span class='ocrx_word' id='word_1_463' title='bbox 1462 323 1487 350; x_wconf 90' lang='lat' dir='ltr'><strong>in</strong></span> <span class='ocrx_word' id='word_1_464' title='bbox 1500 322 1691 350; x_wconf 84' lang='lat' dir='ltr'><strong>certaminibus</strong></span> <span class='ocrx_word' id='word_1_465' title='bbox 1701 321 1877 357; x_wconf 78' lang='lat' dir='ltr'><strong>Olympiacis</strong></span> 
     </span>
    </p>
   </div>
   <div class='ocr_carea' id='block_1_67' title="bbox 1082 367 1888 403">
    <p class='ocr_par' dir='ltr' id='par_1_67' title="bbox 1082 367 1888 403">
     <span class='ocr_line' id='line_1_67' title="bbox 1082 367 1888 403; baseline -0.002 -9"><span class='ocrx_word' id='word_1_466' title='bbox 1082 372 1108 394; x_wconf 92' lang='lat' dir='ltr'><strong>ut</strong></span> <span class='ocrx_word' id='word_1_467' title='bbox 1123 368 1187 395; x_wconf 89' lang='lat' dir='ltr'><strong>nulli</strong></span> <span class='ocrx_word' id='word_1_468' title='bbox 1201 367 1310 395; x_wconf 87' lang='lat' dir='ltr'><strong>dubium</strong></span> <span class='ocrx_word' id='word_1_469' title='bbox 1331 376 1393 396; x_wconf 74' lang='lat' dir='ltr'><strong>esse</strong></span> <span class='ocrx_word' id='word_1_470' title='bbox 1407 368 1501 403; x_wconf 81' lang='lat' dir='ltr'><strong>possit,</strong></span> <span class='ocrx_word' id='word_1_471' title='bbox 1515 368 1577 403; x_wconf 84' lang='lat' dir='ltr'><strong>quin</strong></span> <span class='ocrx_word' id='word_1_472' title='bbox 1593 367 1717 395; x_wconf 81' lang='lat' dir='ltr'><strong>Ecclesia:</strong></span> <span class='ocrx_word' id='word_1_473' title='bbox 1730 367 1765 394; x_wconf 88' lang='lat' dir='ltr'><strong>sit</strong></span> <span class='ocrx_word' id='word_1_474' title='bbox 1778 373 1888 394; x_wconf 84' lang='lat' dir='ltr'><strong>corona</strong></span> 
     </span>
    </p>
   </div>
   <div class='ocr_carea' id='block_1_68' title="bbox 1086 411 1219 440">
    <p class='ocr_par' dir='ltr' id='par_1_68' title="bbox 1086 411 1219 440">
     <span class='ocr_line' id='line_1_68' title="bbox 1086 411 1219 440; baseline -0.015 0"><span class='ocrx_word' id='word_1_475' title='bbox 1086 411 1219 440; x_wconf 86' lang='lat' dir='ltr'><strong>victoriae.</strong></span> 
     </span>
    </p>
   </div>
   <div class='ocr_carea' id='block_1_69' title="bbox 1122 455 1891 490">
    <p class='ocr_par' dir='ltr' id='par_1_69' title="bbox 1122 455 1891 490">
     <span class='ocr_line' id='line_1_69' title="bbox 1122 455 1891 490; baseline -0.005 -5"><span class='ocrx_word' id='word_1_476' title='bbox 1122 458 1165 486; x_wconf 77' lang='lat' dir='ltr'><strong>ll.</strong></span> <span class='ocrx_word' id='word_1_477' title='bbox 1181 458 1332 485; x_wconf 68' lang='lat' dir='ltr'><strong>Iudaeorum</strong></span> <span class='ocrx_word' id='word_1_478' title='bbox 1343 456 1448 484; x_wconf 83' lang='lat' dir='ltr'><strong>rebellio</strong></span> <span class='ocrx_word' id='word_1_479' title='bbox 1461 456 1506 483; x_wconf 72' lang='lat' dir='ltr'><strong>sub</strong></span> <span class='ocrx_word' id='word_1_480' title='bbox 1518 455 1733 484; x_wconf 81' lang='lat' dir='ltr'><strong>Adriano.—Ubi</strong></span> <span class='ocrx_word' id='word_1_481' title='bbox 1744 455 1826 490; x_wconf 85' lang='lat' dir='ltr'><strong>igitur</strong></span> <span class='ocrx_word' id='word_1_482' title='bbox 1835 462 1891 489; x_wconf 82' lang='lat' dir='ltr'><strong>ag-</strong></span> 
     </span>
    </p>
   </div>
   <div class='ocr_carea' id='block_1_70' title="bbox 1084 500 1888 539">
    <p class='ocr_par' dir='ltr' id='par_1_70' title="bbox 1084 500 1888 539">
     <span class='ocr_line' id='line_1_70' title="bbox 1084 500 1888 539; baseline -0.004 -9"><span class='ocrx_word' id='word_1_483' title='bbox 1084 502 1171 539; x_wconf 78' lang='lat' dir='ltr'><strong>gressi</strong></span> <span class='ocrx_word' id='word_1_484' title='bbox 1185 509 1245 530; x_wconf 89' lang='lat' dir='ltr'><strong>sunt</strong></span> <span class='ocrx_word' id='word_1_485' title='bbox 1262 503 1310 534; x_wconf 91' lang='lat' dir='ltr'><strong>illi,</strong></span> <span class='ocrx_word' id='word_1_486' title='bbox 1321 502 1367 537; x_wconf 86' lang='lat' dir='ltr'><strong>qui</strong></span> <span class='ocrx_word' id='word_1_487' title='bbox 1383 509 1490 537; x_wconf 88' lang='lat' dir='ltr'><strong>semper</strong></span> <span class='ocrx_word' id='word_1_488' title='bbox 1500 502 1631 529; x_wconf 88' lang='lat' dir='ltr'><strong>resistunt</strong></span> <span class='ocrx_word' id='word_1_489' title='bbox 1643 500 1756 536; x_wconf 81' lang='lat' dir='ltr'><strong>Spiritui</strong></span> <span class='ocrx_word' id='word_1_490' title='bbox 1770 505 1888 531; x_wconf 84' lang='lat' dir='ltr'><strong>sancto,</strong></span> 
     </span>
    </p>
   </div>
   <div class='ocr_carea' id='block_1_71' title="bbox 1085 546 1889 584">
    <p class='ocr_par' dir='ltr' id='par_1_71' title="bbox 1085 546 1889 584">
     <span class='ocr_line' id='line_1_71' title="bbox 1085 546 1889 584; baseline -0.002 -9"><span class='ocrx_word' id='word_1_491' title='bbox 1085 549 1130 584; x_wconf 89' lang='lat' dir='ltr'><strong>qui</strong></span> <span class='ocrx_word' id='word_1_492' title='bbox 1139 556 1181 576; x_wconf 89' lang='lat' dir='ltr'><strong>res</strong></span> <span class='ocrx_word' id='word_1_493' title='bbox 1188 557 1271 577; x_wconf 86' lang='lat' dir='ltr'><strong>novas</strong></span> <span class='ocrx_word' id='word_1_494' title='bbox 1280 549 1437 581; x_wconf 87' lang='lat' dir='ltr'><strong>moliuntur,</strong></span> <span class='ocrx_word' id='word_1_495' title='bbox 1445 548 1489 583; x_wconf 90' lang='lat' dir='ltr'><strong>qui</strong></span> <span class='ocrx_word' id='word_1_496' title='bbox 1500 547 1808 576; x_wconf 79' lang='lat' dir='ltr'><strong>seditioneScoucitant?</strong></span> <span class='ocrx_word' id='word_1_497' title='bbox 1816 546 1889 574; x_wconf 82' lang='lat' dir='ltr'><strong>Post</strong></span> 
     </span>
    </p>
   </div>
   <div class='ocr_carea' id='block_1_72' title="bbox 1085 592 1887 630">
    <p class='ocr_par' dir='ltr' id='par_1_72' title="bbox 1085 592 1887 630">
     <span class='ocr_line' id='line_1_72' title="bbox 1085 592 1887 630; baseline -0.002 -9"><span class='ocrx_word' id='word_1_498' title='bbox 1085 594 1299 622; x_wconf 87' lang='lat' dir='ltr'><strong>devastationem</strong></span> <span class='ocrx_word' id='word_1_499' title='bbox 1310 603 1370 630; x_wconf 60' lang='lat' dir='ltr'><strong>quae</strong></span> <span class='ocrx_word' id='word_1_500' title='bbox 1382 595 1451 622; x_wconf 85' lang='lat' dir='ltr'><strong>facta</strong></span> <span class='ocrx_word' id='word_1_501' title='bbox 1466 594 1517 621; x_wconf 81' lang='lat' dir='ltr'><strong>fuit</strong></span> <span class='ocrx_word' id='word_1_502' title='bbox 1527 595 1577 622; x_wconf 90' lang='lat' dir='ltr'><strong>sub</strong></span> <span class='ocrx_word' id='word_1_503' title='bbox 1586 594 1752 629; x_wconf 75' lang='lat' dir='ltr'><strong>Vespasiano</strong></span> <span class='ocrx_word' id='word_1_504' title='bbox 1764 601 1798 620; x_wconf 89' lang='lat' dir='ltr'><strong>ac</strong></span> <span class='ocrx_word' id='word_1_505' title='bbox 1805 592 1887 625; x_wconf 87' lang='lat' dir='ltr'><strong>Tito,</strong></span> 
     </span>
    </p>
   </div>
   <div class='ocr_carea' id='block_1_73' title="bbox 1085 640 1889 676">
    <p class='ocr_par' dir='ltr' id='par_1_73' title="bbox 1085 640 1889 676">
     <span class='ocr_line' id='line_1_73' title="bbox 1085 640 1889 676; baseline -0.002 -8"><span class='ocrx_word' id='word_1_506' title='bbox 1085 641 1136 668; x_wconf 90' lang='lat' dir='ltr'><strong>sub</strong></span> <span class='ocrx_word' id='word_1_507' title='bbox 1143 641 1260 668; x_wconf 85' lang='lat' dir='ltr'><strong>Adriano</strong></span> <span class='ocrx_word' id='word_1_508' title='bbox 1267 645 1337 668; x_wconf 85' lang='lat' dir='ltr'><strong>mota</strong></span> <span class='ocrx_word' id='word_1_509' title='bbox 1345 641 1580 673; x_wconf 86' lang='lat' dir='ltr'><strong>seditione,conati</strong></span> <span class='ocrx_word' id='word_1_510' title='bbox 1588 645 1653 668; x_wconf 89' lang='lat' dir='ltr'><strong>sunt</strong></span> <span class='ocrx_word' id='word_1_511' title='bbox 1659 640 1801 676; x_wconf 88' lang='lat' dir='ltr'><strong>pristinam</strong></span> <span class='ocrx_word' id='word_1_512' title='bbox 1811 647 1889 666; x_wconf 89' lang='lat' dir='ltr'><strong>rem-</strong></span> 
     </span>
    </p>
   </div>
   <div class='ocr_carea' id='block_1_74' title="bbox 1084 686 1891 722">
    <p class='ocr_par' dir='ltr' id='par_1_74' title="bbox 1084 686 1891 722">
     <span class='ocr_line' id='line_1_74' title="bbox 1084 686 1891 722; baseline -0.004 -8"><span class='ocrx_word' id='word_1_513' title='bbox 1084 688 1216 722; x_wconf 86' lang='lat' dir='ltr'><strong>publicam</strong></span> <span class='ocrx_word' id='word_1_514' title='bbox 1242 688 1390 715; x_wconf 85' lang='lat' dir='ltr'><strong>iustaurare</strong></span> <span class='ocrx_word' id='word_1_515' title='bbox 1406 696 1412 714; x_wconf 90' lang='lat'>:</span> <span class='ocrx_word' id='word_1_516' title='bbox 1428 687 1497 714; x_wconf 90' lang='lat' dir='ltr'><strong>haud</strong></span> <span class='ocrx_word' id='word_1_517' title='bbox 1513 695 1645 722; x_wconf 81' lang='lat' dir='ltr'><strong>quaquam</strong></span> <span class='ocrx_word' id='word_1_518' title='bbox 1661 686 1842 721; x_wconf 82' lang='lat' dir='ltr'><strong>intelligentes</strong></span> <span class='ocrx_word' id='word_1_519' title='bbox 1859 693 1891 712; x_wconf 82' lang='lat' dir='ltr'><strong>se</strong></span> 
     </span>
    </p>
   </div>
   <div class='ocr_carea' id='block_1_75' title="bbox 1083 732 1888 767">
    <p class='ocr_par' dir='ltr' id='par_1_75' title="bbox 1083 732 1888 767">
     <span class='ocr_line' id='line_1_75' title="bbox 1083 732 1888 767; baseline -0.004 -6"><span class='ocrx_word' id='word_1_520' title='bbox 1083 739 1175 761; x_wconf 82' lang='lat' dir='ltr'><strong>Contra</strong></span> <span class='ocrx_word' id='word_1_521' title='bbox 1191 733 1236 760; x_wconf 88' lang='lat' dir='ltr'><strong>Dei</strong></span> <span class='ocrx_word' id='word_1_522' title='bbox 1252 733 1384 760; x_wconf 89' lang='lat' dir='ltr'><strong>calculum</strong></span> <span class='ocrx_word' id='word_1_523' title='bbox 1397 733 1497 761; x_wconf 89' lang='lat' dir='ltr'><strong>bellum</strong></span> <span class='ocrx_word' id='word_1_524' title='bbox 1512 740 1629 765; x_wconf 88' lang='lat' dir='ltr'><strong>movere,</strong></span> <span class='ocrx_word' id='word_1_525' title='bbox 1642 732 1760 767; x_wconf 86' lang='lat' dir='ltr'><strong>jubentis</strong></span> <span class='ocrx_word' id='word_1_526' title='bbox 1773 733 1800 759; x_wconf 96' lang='lat' dir='ltr'><strong>in</strong></span> <span class='ocrx_word' id='word_1_527' title='bbox 1817 739 1888 767; x_wconf 85' lang='lat' dir='ltr'><strong>per-</strong></span> 
     </span>
    </p>
   </div>
   <div class='ocr_carea' id='block_1_76' title="bbox 1084 777 1887 814">
    <p class='ocr_par' dir='ltr' id='par_1_76' title="bbox 1084 777 1887 814">
     <span class='ocr_line' id='line_1_76' title="bbox 1084 777 1887 814; baseline -0.001 -9"><span class='ocrx_word' id='word_1_528' title='bbox 1084 783 1193 814; x_wconf 88' lang='lat' dir='ltr'><strong>petuum</strong></span> <span class='ocrx_word' id='word_1_529' title='bbox 1206 786 1264 806; x_wconf 86' lang='lat' dir='ltr'><strong>eam</strong></span> <span class='ocrx_word' id='word_1_530' title='bbox 1279 779 1416 806; x_wconf 83' lang='lat' dir='ltr'><strong>civitatem</strong></span> <span class='ocrx_word' id='word_1_531' title='bbox 1427 778 1570 805; x_wconf 85' lang='lat' dir='ltr'><strong>devastari.</strong></span> <span class='ocrx_word' id='word_1_532' title='bbox 1585 778 1668 805; x_wconf 80' lang='lat' dir='ltr'><strong>Porro</strong></span> <span class='ocrx_word' id='word_1_533' title='bbox 1683 778 1737 805; x_wconf 81' lang='lat' dir='ltr'><strong>Deo</strong></span> <span class='ocrx_word' id='word_1_534' title='bbox 1750 777 1887 810; x_wconf 86' lang='lat' dir='ltr'><strong>bellante,</strong></span> 
     </span>
    </p>
   </div>
   <div class='ocr_carea' id='block_1_77' title="bbox 1083 823 1890 859">
    <p class='ocr_par' dir='ltr' id='par_1_77' title="bbox 1083 823 1890 859">
     <span class='ocr_line' id='line_1_77' title="bbox 1083 823 1890 859; baseline 0 -9"><span class='ocrx_word' id='word_1_535' title='bbox 1083 832 1211 859; x_wconf 86' lang='lat' dir='ltr'><strong>superare</strong></span> <span class='ocrx_word' id='word_1_536' title='bbox 1233 824 1397 859; x_wconf 89' lang='lat' dir='ltr'><strong>impossibile</strong></span> <span class='ocrx_word' id='word_1_537' title='bbox 1422 828 1472 852; x_wconf 90' lang='lat' dir='ltr'><strong>cst.</strong></span> <span class='ocrx_word' id='word_1_538' title='bbox 1489 824 1589 859; x_wconf 89' lang='lat' dir='ltr'><strong>ltupetu</strong></span> <span class='ocrx_word' id='word_1_539' title='bbox 1605 824 1683 859; x_wconf 82' lang='lat' dir='ltr'><strong>igitur</strong></span> <span class='ocrx_word' id='word_1_540' title='bbox 1698 824 1765 850; x_wconf 82' lang='lat' dir='ltr'><strong>facto</strong></span> <span class='ocrx_word' id='word_1_541' title='bbox 1781 824 1806 850; x_wconf 90' lang='lat' dir='ltr'><strong>iu</strong></span> <span class='ocrx_word' id='word_1_542' title='bbox 1824 823 1890 850; x_wconf 64' lang='lat' dir='ltr'><strong>Cm-</strong></span> 
     </span>
    </p>
   </div>
   <div class='ocr_carea' id='block_1_78' title="bbox 1084 868 1890 905">
    <p class='ocr_par' dir='ltr' id='par_1_78' title="bbox 1084 868 1890 905">
     <span class='ocr_line' id='line_1_78' title="bbox 1084 868 1890 905; baseline 0 -9"><span class='ocrx_word' id='word_1_543' title='bbox 1084 877 1183 901; x_wconf 84' lang='lat' dir='ltr'><strong>sarem,</strong></span> <span class='ocrx_word' id='word_1_544' title='bbox 1206 877 1298 897; x_wconf 87' lang='lat' dir='ltr'><strong>rursus</strong></span> <span class='ocrx_word' id='word_1_545' title='bbox 1322 878 1383 897; x_wconf 89' lang='lat' dir='ltr'><strong>eum</strong></span> <span class='ocrx_word' id='word_1_546' title='bbox 1406 869 1568 905; x_wconf 76' lang='lat' dir='ltr'><strong>adegerunt,</strong></span> <span class='ocrx_word' id='word_1_547' title='bbox 1591 873 1620 896; x_wconf 90' lang='lat' dir='ltr'><strong>ut</strong></span> <span class='ocrx_word' id='word_1_548' title='bbox 1640 868 1756 896; x_wconf 77' lang='lat' dir='ltr'><strong>funditus</strong></span> <span class='ocrx_word' id='word_1_549' title='bbox 1779 868 1890 896; x_wconf 67' lang='lat' dir='ltr'><strong>deleret</strong></span> 
     </span>
    </p>
   </div>
   <div class='ocr_carea' id='block_1_79' title="bbox 1084 914 1889 946">
    <p class='ocr_par' dir='ltr' id='par_1_79' title="bbox 1084 914 1889 946">
     <span class='ocr_line' id='line_1_79' title="bbox 1084 914 1889 946; baseline -0.002 -4"><span class='ocrx_word' id='word_1_550' title='bbox 1084 916 1231 943; x_wconf 84' lang='lat' dir='ltr'><strong>civitatem.</strong></span> <span class='ocrx_word' id='word_1_551' title='bbox 1258 915 1324 943; x_wconf 88' lang='lat' dir='ltr'><strong>Nam</strong></span> <span class='ocrx_word' id='word_1_552' title='bbox 1349 915 1461 943; x_wconf 79' lang='lat' dir='ltr'><strong>devictis</strong></span> <span class='ocrx_word' id='word_1_553' title='bbox 1484 923 1515 942; x_wconf 90' lang='lat' dir='ltr'><strong>ac</strong></span> <span class='ocrx_word' id='word_1_554' title='bbox 1538 915 1655 943; x_wconf 86' lang='lat' dir='ltr'><strong>subactis</strong></span> <span class='ocrx_word' id='word_1_555' title='bbox 1677 914 1739 946; x_wconf 85' lang='lat' dir='ltr'><strong>illis,</strong></span> <span class='ocrx_word' id='word_1_556' title='bbox 1756 914 1889 941; x_wconf 73' lang='lat' dir='ltr'><strong>omnibus</strong></span> 
     </span>
    </p>
   </div>
   <div class='ocr_carea' id='block_1_80' title="bbox 1086 959 1889 996">
    <p class='ocr_par' dir='ltr' id='par_1_80' title="bbox 1086 959 1889 996">
     <span class='ocr_line' id='line_1_80' title="bbox 1086 959 1889 996; baseline -0.001 -9"><span class='ocrx_word' id='word_1_557' title='bbox 1086 961 1205 995; x_wconf 89' lang='lat' dir='ltr'><strong>reliquiis</strong></span> <span class='ocrx_word' id='word_1_558' title='bbox 1220 960 1336 993; x_wconf 82' lang='lat' dir='ltr'><strong>abolitis,</strong></span> <span class='ocrx_word' id='word_1_559' title='bbox 1351 969 1385 989; x_wconf 88' lang='lat' dir='ltr'><strong>ne</strong></span> <span class='ocrx_word' id='word_1_560' title='bbox 1401 961 1425 988; x_wconf 94' lang='lat' dir='ltr'><strong>in</strong></span> <span class='ocrx_word' id='word_1_561' title='bbox 1443 966 1577 996; x_wconf 86' lang='lat' dir='ltr'><strong>posterum</strong></span> <span class='ocrx_word' id='word_1_562' title='bbox 1593 965 1703 995; x_wconf 63' lang='lat' dir='ltr'><strong>pussent</strong></span> <span class='ocrx_word' id='word_1_563' title='bbox 1713 959 1889 994; x_wconf 83' lang='lat' dir='ltr'><strong>impudenter</strong></span> 
     </span>
    </p>
   </div>
   <div class='ocr_carea' id='block_1_81' title="bbox 1086 1006 1889 1042">
    <p class='ocr_par' dir='ltr' id='par_1_81' title="bbox 1086 1006 1889 1042">
     <span class='ocr_line' id='line_1_81' title="bbox 1086 1006 1889 1042; baseline -0.001 -8"><span class='ocrx_word' id='word_1_564' title='bbox 1086 1014 1175 1042; x_wconf 79' lang='lat' dir='ltr'><strong>agere,</strong></span> <span class='ocrx_word' id='word_1_565' title='bbox 1190 1012 1304 1034; x_wconf 84' lang='lat' dir='ltr'><strong>statuam</strong></span> <span class='ocrx_word' id='word_1_566' title='bbox 1316 1015 1390 1034; x_wconf 90' lang='lat' dir='ltr'><strong>suam</strong></span> <span class='ocrx_word' id='word_1_567' title='bbox 1403 1007 1428 1034; x_wconf 93' lang='lat' dir='ltr'><strong>in</strong></span> <span class='ocrx_word' id='word_1_568' title='bbox 1443 1008 1502 1034; x_wconf 92' lang='lat' dir='ltr'><strong>loco</strong></span> <span class='ocrx_word' id='word_1_569' title='bbox 1512 1007 1662 1034; x_wconf 87' lang='lat' dir='ltr'><strong>collocavit.</strong></span> <span class='ocrx_word' id='word_1_570' title='bbox 1679 1006 1780 1033; x_wconf 67' lang='lat' dir='ltr'><strong>Deinde</strong></span> <span class='ocrx_word' id='word_1_571' title='bbox 1793 1006 1889 1033; x_wconf 80' lang='lat' dir='ltr'><strong>sciens</strong></span> 
     </span>
    </p>
   </div>
   <div class='ocr_carea' id='block_1_82' title="bbox 1086 1052 1889 1088">
    <p class='ocr_par' dir='ltr' id='par_1_82' title="bbox 1086 1052 1889 1088">
     <span class='ocr_line' id='line_1_82' title="bbox 1086 1052 1889 1088; baseline -0.002 -9"><span class='ocrx_word' id='word_1_572' title='bbox 1086 1052 1214 1086; x_wconf 78' lang='lat' dir='ltr'><strong>futurum,</strong></span> <span class='ocrx_word' id='word_1_573' title='bbox 1230 1058 1258 1080; x_wconf 90' lang='lat' dir='ltr'><strong>ut</strong></span> <span class='ocrx_word' id='word_1_574' title='bbox 1281 1053 1323 1080; x_wconf 86' lang='lat' dir='ltr'><strong>illa</strong></span> <span class='ocrx_word' id='word_1_575' title='bbox 1340 1057 1459 1088; x_wconf 87' lang='lat' dir='ltr'><strong>tempore</strong></span> <span class='ocrx_word' id='word_1_576' title='bbox 1473 1053 1661 1084; x_wconf 72' lang='lat' dir='ltr'><strong>collabcrt-tur,</strong></span> <span class='ocrx_word' id='word_1_577' title='bbox 1684 1060 1736 1087; x_wconf 91' lang='lat' dir='ltr'><strong>quo</strong></span> <span class='ocrx_word' id='word_1_578' title='bbox 1751 1052 1822 1079; x_wconf 89' lang='lat' dir='ltr'><strong>illius</strong></span> <span class='ocrx_word' id='word_1_579' title='bbox 1845 1053 1889 1078; x_wconf 84' lang='lat' dir='ltr'><strong>vi-</strong></span> 
     </span>
    </p>
   </div>
   <div class='ocr_carea' id='block_1_83' title="bbox 1086 1097 1888 1129">
    <p class='ocr_par' dir='ltr' id='par_1_83' title="bbox 1086 1097 1888 1129">
     <span class='ocr_line' id='line_1_83' title="bbox 1086 1097 1888 1129; baseline -0.002 -4"><span class='ocrx_word' id='word_1_580' title='bbox 1086 1099 1176 1125; x_wconf 64' lang='lat' dir='ltr'><strong>ctoriae</strong></span> <span class='ocrx_word' id='word_1_581' title='bbox 1190 1103 1279 1125; x_wconf 87' lang='lat' dir='ltr'><strong>notam</strong></span> <span class='ocrx_word' id='word_1_582' title='bbox 1303 1098 1525 1126; x_wconf 80' lang='lat' dir='ltr'><strong>immedicabiletn</strong></span> <span class='ocrx_word' id='word_1_583' title='bbox 1546 1098 1678 1129; x_wconf 89' lang='lat' dir='ltr'><strong>inureret,</strong></span> <span class='ocrx_word' id='word_1_584' title='bbox 1705 1102 1731 1124; x_wconf 86' lang='lat' dir='ltr'><strong>et</strong></span> <span class='ocrx_word' id='word_1_585' title='bbox 1744 1097 1816 1124; x_wconf 90' lang='lat' dir='ltr'><strong>illius</strong></span> <span class='ocrx_word' id='word_1_586' title='bbox 1832 1097 1888 1123; x_wconf 79' lang='lat' dir='ltr'><strong>im-</strong></span> 
     </span>
    </p>
   </div>
   <div class='ocr_carea' id='block_1_84' title="bbox 1087 1143 1888 1179">
    <p class='ocr_par' dir='ltr' id='par_1_84' title="bbox 1087 1143 1888 1179">
     <span class='ocr_line' id='line_1_84' title="bbox 1087 1143 1888 1179; baseline -0.001 -9"><span class='ocrx_word' id='word_1_587' title='bbox 1087 1144 1222 1179; x_wconf 82' lang='lat' dir='ltr'><strong>pudentiae</strong></span> <span class='ocrx_word' id='word_1_588' title='bbox 1237 1149 1450 1177; x_wconf 85' lang='lat' dir='ltr'><strong>monumentum,</strong></span> <span class='ocrx_word' id='word_1_589' title='bbox 1464 1151 1560 1171; x_wconf 87' lang='lat' dir='ltr'><strong>nomen</strong></span> <span class='ocrx_word' id='word_1_590' title='bbox 1574 1151 1651 1171; x_wconf 92' lang='lat' dir='ltr'><strong>suum</strong></span> <span class='ocrx_word' id='word_1_591' title='bbox 1666 1143 1784 1170; x_wconf 88' lang='lat' dir='ltr'><strong>civitatis</strong></span> <span class='ocrx_word' id='word_1_592' title='bbox 1799 1143 1888 1170; x_wconf 74' lang='lat' dir='ltr'><strong>ruinis</strong></span> 
     </span>
    </p>
   </div>
   <div class='ocr_carea' id='block_1_85' title="bbox 1087 1189 1889 1226">
    <p class='ocr_par' dir='ltr' id='par_1_85' title="bbox 1087 1189 1889 1226">
     <span class='ocr_line' id='line_1_85' title="bbox 1087 1189 1889 1226; baseline -0.002 -8"><span class='ocrx_word' id='word_1_593' title='bbox 1087 1190 1223 1225; x_wconf 89' lang='lat' dir='ltr'><strong>imposuit.</strong></span> <span class='ocrx_word' id='word_1_594' title='bbox 1243 1191 1373 1224; x_wconf 88' lang='lat' dir='ltr'><strong>Quoniam</strong></span> <span class='ocrx_word' id='word_1_595' title='bbox 1386 1191 1456 1218; x_wconf 92' lang='lat' dir='ltr'><strong>enim</strong></span> <span class='ocrx_word' id='word_1_596' title='bbox 1472 1191 1529 1226; x_wconf 89' lang='lat' dir='ltr'><strong>ipse</strong></span> <span class='ocrx_word' id='word_1_597' title='bbox 1541 1191 1678 1218; x_wconf 82' lang='lat' dir='ltr'><strong>dicebatur</strong></span> <span class='ocrx_word' id='word_1_598' title='bbox 1688 1190 1776 1218; x_wconf 66' lang='lat' dir='ltr'><strong>Elius</strong></span> <span class='ocrx_word' id='word_1_599' title='bbox 1788 1189 1889 1217; x_wconf 84' lang='lat' dir='ltr'><strong>Adria-</strong></span> 
     </span>
    </p>
   </div>
   <div class='ocr_carea' id='block_1_86' title="bbox 1087 1235 1889 1271">
    <p class='ocr_par' dir='ltr' id='par_1_86' title="bbox 1087 1235 1889 1271">
     <span class='ocr_line' id='line_1_86' title="bbox 1087 1235 1889 1271; baseline -0.001 -7"><span class='ocrx_word' id='word_1_600' title='bbox 1087 1244 1148 1269; x_wconf 87' lang='lat' dir='ltr'><strong>nus,</strong></span> <span class='ocrx_word' id='word_1_601' title='bbox 1161 1236 1221 1264; x_wconf 89' lang='lat' dir='ltr'><strong>ideo</strong></span> <span class='ocrx_word' id='word_1_602' title='bbox 1233 1240 1260 1264; x_wconf 89' lang='lat' dir='ltr'><strong>et</strong></span> <span class='ocrx_word' id='word_1_603' title='bbox 1273 1237 1372 1264; x_wconf 88' lang='lat' dir='ltr'><strong>civitati</strong></span> <span class='ocrx_word' id='word_1_604' title='bbox 1385 1244 1482 1264; x_wconf 87' lang='lat' dir='ltr'><strong>nomen</strong></span> <span class='ocrx_word' id='word_1_605' title='bbox 1496 1236 1663 1271; x_wconf 67' lang='lat' dir='ltr'><strong>Eliazjussit</strong></span> <span class='ocrx_word' id='word_1_606' title='bbox 1676 1235 1775 1270; x_wconf 87' lang='lat' dir='ltr'><strong>imponi</strong></span> <span class='ocrx_word' id='word_1_607' title='bbox 1789 1243 1797 1268; x_wconf 86' lang='lat'><strong>;</strong></span> <span class='ocrx_word' id='word_1_608' title='bbox 1815 1235 1889 1263; x_wconf 85' lang='lat' dir='ltr'><strong>unde</strong></span> 
     </span>
    </p>
   </div>
   <div class='ocr_carea' id='block_1_87' title="bbox 1088 1282 1887 1317">
    <p class='ocr_par' dir='ltr' id='par_1_87' title="bbox 1088 1282 1887 1317">
     <span class='ocr_line' id='line_1_87' title="bbox 1088 1282 1887 1317; baseline -0.005 -6"><span class='ocrx_word' id='word_1_609' title='bbox 1088 1287 1116 1311; x_wconf 89' lang='lat' dir='ltr'><strong>et</strong></span> <span class='ocrx_word' id='word_1_610' title='bbox 1129 1283 1199 1312; x_wconf 64' lang='lat' dir='ltr'><strong>Elia</strong></span> <span class='ocrx_word' id='word_1_611' title='bbox 1225 1283 1323 1310; x_wconf 91' lang='lat' dir='ltr'><strong>dicitur</strong></span> <span class='ocrx_word' id='word_1_612' title='bbox 1344 1283 1371 1310; x_wconf 91' lang='lat' dir='ltr'><strong>in</strong></span> <span class='ocrx_word' id='word_1_613' title='bbox 1385 1282 1543 1310; x_wconf 87' lang='lat' dir='ltr'><strong>hodiertuun</strong></span> <span class='ocrx_word' id='word_1_614' title='bbox 1568 1290 1652 1317; x_wconf 90' lang='lat' dir='ltr'><strong>usque</strong></span> <span class='ocrx_word' id='word_1_615' title='bbox 1676 1282 1758 1314; x_wconf 89' lang='lat' dir='ltr'><strong>diem,</strong></span> <span class='ocrx_word' id='word_1_616' title='bbox 1781 1289 1887 1316; x_wconf 78' lang='lat' dir='ltr'><strong>cogun-</strong></span> 
     </span>
    </p>
   </div>
   <div class='ocr_carea' id='block_1_88' title="bbox 1089 1327 1889 1362">
    <p class='ocr_par' dir='ltr' id='par_1_88' title="bbox 1089 1327 1889 1362">
     <span class='ocr_line' id='line_1_88' title="bbox 1089 1327 1889 1362; baseline -0.004 -6"><span class='ocrx_word' id='word_1_617' title='bbox 1089 1329 1162 1357; x_wconf 85' lang='lat' dir='ltr'><strong>mine</strong></span> <span class='ocrx_word' id='word_1_618' title='bbox 1176 1329 1284 1356; x_wconf 90' lang='lat' dir='ltr'><strong>victoris</strong></span> <span class='ocrx_word' id='word_1_619' title='bbox 1299 1333 1327 1356; x_wconf 88' lang='lat' dir='ltr'><strong>et</strong></span> <span class='ocrx_word' id='word_1_620' title='bbox 1341 1328 1485 1356; x_wconf 89' lang='lat' dir='ltr'><strong>eversoris.</strong></span> <span class='ocrx_word' id='word_1_621' title='bbox 1501 1327 1581 1355; x_wconf 79' lang='lat' dir='ltr'><strong>Vides</strong></span> <span class='ocrx_word' id='word_1_622' title='bbox 1595 1329 1708 1362; x_wconf 91' lang='lat' dir='ltr'><strong>primum</strong></span> <span class='ocrx_word' id='word_1_623' title='bbox 1730 1327 1889 1355; x_wconf 72' lang='lat' dir='ltr'><strong>Judawrum</strong></span> 
     </span>
    </p>
   </div>
   <div class='ocr_carea' id='block_1_89' title="bbox 1087 1373 1689 1402">
    <p class='ocr_par' dir='ltr' id='par_1_89' title="bbox 1087 1373 1689 1402">
     <span class='ocr_line' id='line_1_89' title="bbox 1087 1373 1689 1402; baseline -0.003 -1"><span class='ocrx_word' id='word_1_624' title='bbox 1087 1374 1231 1402; x_wconf 78' lang='lat' dir='ltr'><strong>conatum?</strong></span> <span class='ocrx_word' id='word_1_625' title='bbox 1244 1374 1391 1402; x_wconf 75' lang='lat' dir='ltr'><strong>Considera</strong></span> <span class='ocrx_word' id='word_1_626' title='bbox 1406 1378 1432 1401; x_wconf 89' lang='lat' dir='ltr'><strong>et</strong></span> <span class='ocrx_word' id='word_1_627' title='bbox 1448 1374 1559 1401; x_wconf 87' lang='lat' dir='ltr'><strong>allerutn</strong></span> <span class='ocrx_word' id='word_1_628' title='bbox 1583 1373 1616 1400; x_wconf 84' lang='lat' dir='ltr'><strong>ab</strong></span> <span class='ocrx_word' id='word_1_629' title='bbox 1629 1374 1689 1400; x_wconf 86' lang='lat' dir='ltr'><strong>hoc.</strong></span> 
     </span>
    </p>
   </div>
   <div class='ocr_carea' id='block_1_90' title="bbox 1124 1418 1888 1448">
    <p class='ocr_par' dir='ltr' id='par_1_90' title="bbox 1124 1418 1888 1448">
     <span class='ocr_line' id='line_1_90' title="bbox 1124 1418 1888 1448; baseline -0.005 -1"><span class='ocrx_word' id='word_1_630' title='bbox 1124 1420 1235 1448; x_wconf 71' lang='lat' dir='ltr'><strong>Conatus</strong></span> <span class='ocrx_word' id='word_1_631' title='bbox 1249 1428 1334 1447; x_wconf 86' lang='lat' dir='ltr'><strong>eorum</strong></span> <span class='ocrx_word' id='word_1_632' title='bbox 1347 1421 1392 1447; x_wconf 72' lang='lat' dir='ltr'><strong>sub</strong></span> <span class='ocrx_word' id='word_1_633' title='bbox 1405 1420 1578 1448; x_wconf 65' lang='lat' dir='ltr'><strong>Constantina.</strong></span> <span class='ocrx_word' id='word_1_634' title='bbox 1593 1435 1628 1440; x_wconf 88' lang='lat'><strong><em>—</em></strong></span> <span class='ocrx_word' id='word_1_635' title='bbox 1640 1419 1696 1447; x_wconf 89' lang='lat' dir='ltr'><strong>Sub</strong></span> <span class='ocrx_word' id='word_1_636' title='bbox 1706 1418 1888 1446; x_wconf 81' lang='lat' dir='ltr'><strong>Constantino</strong></span> 
     </span>
    </p>
   </div>
   <div class='ocr_carea' id='block_1_91' title="bbox 1088 1465 1887 1501">
    <p class='ocr_par' dir='ltr' id='par_1_91' title="bbox 1088 1465 1887 1501">
     <span class='ocr_line' id='line_1_91' title="bbox 1088 1465 1887 1501; baseline -0.004 -8"><span class='ocrx_word' id='word_1_637' title='bbox 1088 1465 1182 1493; x_wconf 85' lang='lat' dir='ltr'><strong>eadem</strong></span> <span class='ocrx_word' id='word_1_638' title='bbox 1204 1465 1321 1501; x_wconf 76' lang='lat' dir='ltr'><strong>aggressi</strong></span> <span class='ocrx_word' id='word_1_639' title='bbox 1344 1470 1416 1492; x_wconf 88' lang='lat' dir='ltr'><strong>sunt.</strong></span> <span class='ocrx_word' id='word_1_640' title='bbox 1443 1465 1478 1492; x_wconf 91' lang='lat' dir='ltr'><strong>At</strong></span> <span class='ocrx_word' id='word_1_641' title='bbox 1502 1465 1546 1493; x_wconf 87' lang='lat' dir='ltr'><strong>ille</strong></span> <span class='ocrx_word' id='word_1_642' title='bbox 1560 1465 1617 1492; x_wconf 92' lang='lat' dir='ltr'><strong>viso</strong></span> <span class='ocrx_word' id='word_1_643' title='bbox 1637 1465 1753 1500; x_wconf 89' lang='lat' dir='ltr'><strong>ipsorum</strong></span> <span class='ocrx_word' id='word_1_644' title='bbox 1775 1469 1887 1495; x_wconf 82' lang='lat' dir='ltr'><strong>conatu,</strong></span> 
     </span>
    </p>
   </div>
   <div class='ocr_carea' id='block_1_92' title="bbox 1089 1509 1884 1545">
    <p class='ocr_par' dir='ltr' id='par_1_92' title="bbox 1089 1509 1884 1545">
     <span class='ocr_line' id='line_1_92' title="bbox 1089 1509 1884 1545; baseline -0.004 -7"><span class='ocrx_word' id='word_1_645' title='bbox 1089 1511 1232 1545; x_wconf 86' lang='lat' dir='ltr'><strong>amputatis</strong></span> <span class='ocrx_word' id='word_1_646' title='bbox 1250 1510 1355 1538; x_wconf 91' lang='lat' dir='ltr'><strong>illorum</strong></span> <span class='ocrx_word' id='word_1_647' title='bbox 1374 1510 1516 1543; x_wconf 85' lang='lat' dir='ltr'><strong>auriculis,</strong></span> <span class='ocrx_word' id='word_1_648' title='bbox 1536 1518 1567 1537; x_wconf 88' lang='lat' dir='ltr'><strong>ac</strong></span> <span class='ocrx_word' id='word_1_649' title='bbox 1581 1510 1733 1537; x_wconf 85' lang='lat' dir='ltr'><strong>rebellionis</strong></span> <span class='ocrx_word' id='word_1_650' title='bbox 1745 1510 1821 1544; x_wconf 85' lang='lat' dir='ltr'><strong>signo</strong></span> <span class='ocrx_word' id='word_1_651' title='bbox 1838 1509 1884 1536; x_wconf 75' lang='lat' dir='ltr'><strong>im</strong></span> 
     </span>
    </p>
   </div>
   <div class='ocr_carea' id='block_1_93' title="bbox 1090 1556 1890 1592">
    <p class='ocr_par' dir='ltr' id='par_1_93' title="bbox 1090 1556 1890 1592">
     <span class='ocr_line' id='line_1_93' title="bbox 1090 1556 1890 1592; baseline -0.001 -8"><span class='ocrx_word' id='word_1_652' title='bbox 1090 1564 1182 1592; x_wconf 87' lang='lat' dir='ltr'><strong>presso</strong></span> <span class='ocrx_word' id='word_1_653' title='bbox 1197 1557 1302 1592; x_wconf 90' lang='lat' dir='ltr'><strong>corpori</strong></span> <span class='ocrx_word' id='word_1_654' title='bbox 1318 1557 1435 1590; x_wconf 83' lang='lat' dir='ltr'><strong>illorum,</strong></span> <span class='ocrx_word' id='word_1_655' title='bbox 1451 1565 1498 1592; x_wconf 89' lang='lat' dir='ltr'><strong>per</strong></span> <span class='ocrx_word' id='word_1_656' title='bbox 1507 1557 1597 1585; x_wconf 86' lang='lat' dir='ltr'><strong>omnia</strong></span> <span class='ocrx_word' id='word_1_657' title='bbox 1610 1558 1668 1585; x_wconf 84' lang='lat' dir='ltr'><strong>loca</strong></span> <span class='ocrx_word' id='word_1_658' title='bbox 1681 1556 1890 1585; x_wconf 79' lang='lat' dir='ltr'><strong>circumferebat</strong></span> 
     </span>
    </p>
   </div>
   <div class='ocr_carea' id='block_1_94' title="bbox 1090 1602 1889 1638">
    <p class='ocr_par' dir='ltr' id='par_1_94' title="bbox 1090 1602 1889 1638">
     <span class='ocr_line' id='line_1_94' title="bbox 1090 1602 1889 1638; baseline -0.003 -8"><span class='ocrx_word' id='word_1_659' title='bbox 1090 1603 1167 1636; x_wconf 87' lang='lat' dir='ltr'><strong>illos,</strong></span> <span class='ocrx_word' id='word_1_660' title='bbox 1188 1610 1236 1630; x_wconf 89' lang='lat' dir='ltr'><strong>ceu</strong></span> <span class='ocrx_word' id='word_1_661' title='bbox 1251 1602 1360 1638; x_wconf 78' lang='lat' dir='ltr'><strong>fugitiva</strong></span> <span class='ocrx_word' id='word_1_662' title='bbox 1375 1603 1508 1638; x_wconf 88' lang='lat' dir='ltr'><strong>mancipia</strong></span> <span class='ocrx_word' id='word_1_663' title='bbox 1522 1610 1554 1631; x_wconf 88' lang='lat' dir='ltr'><strong>ac</strong></span> <span class='ocrx_word' id='word_1_664' title='bbox 1566 1602 1727 1630; x_wconf 86' lang='lat' dir='ltr'><strong>verberones</strong></span> <span class='ocrx_word' id='word_1_665' title='bbox 1739 1623 1747 1635; x_wconf 95' lang='lat'><strong>,</strong></span> <span class='ocrx_word' id='word_1_666' title='bbox 1763 1603 1889 1637; x_wconf 80' lang='lat' dir='ltr'><strong>corpori-</strong></span> 
     </span>
    </p>
   </div>
   <div class='ocr_carea' id='block_1_95' title="bbox 1091 1647 1891 1683">
    <p class='ocr_par' dir='ltr' id='par_1_95' title="bbox 1091 1647 1891 1683">
     <span class='ocr_line' id='line_1_95' title="bbox 1091 1647 1891 1683; baseline -0.001 -8"><span class='ocrx_word' id='word_1_667' title='bbox 1091 1647 1142 1675; x_wconf 85' lang='lat' dir='ltr'><strong>bus</strong></span> <span class='ocrx_word' id='word_1_668' title='bbox 1164 1648 1292 1676; x_wconf 86' lang='lat' dir='ltr'><strong>mutilatis</strong></span> <span class='ocrx_word' id='word_1_669' title='bbox 1313 1649 1473 1683; x_wconf 89' lang='lat' dir='ltr'><strong>conspicuos</strong></span> <span class='ocrx_word' id='word_1_670' title='bbox 1493 1648 1552 1675; x_wconf 85' lang='lat' dir='ltr'><strong>illos</strong></span> <span class='ocrx_word' id='word_1_671' title='bbox 1575 1648 1674 1676; x_wconf 80' lang='lat' dir='ltr'><strong>faciens</strong></span> <span class='ocrx_word' id='word_1_672' title='bbox 1688 1648 1830 1679; x_wconf 85' lang='lat' dir='ltr'><strong>omnibus.</strong></span> <span class='ocrx_word' id='word_1_673' title='bbox 1859 1655 1891 1674; x_wconf 81' lang='lat' dir='ltr'><strong>ac</strong></span> 
     </span>
    </p>
   </div>
   <div class='ocr_carea' id='block_1_96' title="bbox 1091 1692 1889 1729">
    <p class='ocr_par' dir='ltr' id='par_1_96' title="bbox 1091 1692 1889 1729">
     <span class='ocr_line' id='line_1_96' title="bbox 1091 1692 1889 1729; baseline -0.003 -8"><span class='ocrx_word' id='word_1_674' title='bbox 1091 1700 1138 1721; x_wconf 82' lang='lat' dir='ltr'><strong>eos</strong></span> <span class='ocrx_word' id='word_1_675' title='bbox 1151 1694 1195 1728; x_wconf 91' lang='lat' dir='ltr'><strong>qui</strong></span> <span class='ocrx_word' id='word_1_676' title='bbox 1208 1701 1254 1728; x_wconf 83' lang='lat' dir='ltr'><strong>per</strong></span> <span class='ocrx_word' id='word_1_677' title='bbox 1266 1701 1360 1721; x_wconf 88' lang='lat' dir='ltr'><strong>omnes</strong></span> <span class='ocrx_word' id='word_1_678' title='bbox 1371 1694 1493 1729; x_wconf 89' lang='lat' dir='ltr'><strong>regiones</strong></span> <span class='ocrx_word' id='word_1_679' title='bbox 1505 1698 1581 1721; x_wconf 80' lang='lat' dir='ltr'><strong>erant</strong></span> <span class='ocrx_word' id='word_1_680' title='bbox 1594 1693 1680 1727; x_wconf 87' lang='lat' dir='ltr'><strong>sparsi</strong></span> <span class='ocrx_word' id='word_1_681' title='bbox 1693 1692 1817 1719; x_wconf 88' lang='lat' dir='ltr'><strong>erudiens</strong></span> <span class='ocrx_word' id='word_1_682' title='bbox 1826 1713 1835 1724; x_wconf 84' lang='lat'><strong>,</strong></span> <span class='ocrx_word' id='word_1_683' title='bbox 1854 1700 1889 1719; x_wconf 79' lang='lat' dir='ltr'><strong>ne</strong></span> 
     </span>
    </p>
   </div>
   <div class='ocr_carea' id='block_1_97' title="bbox 1093 1737 1889 1772">
    <p class='ocr_par' dir='ltr' id='par_1_97' title="bbox 1093 1737 1889 1772">
     <span class='ocr_line' id='line_1_97' title="bbox 1093 1737 1889 1772; baseline -0.001 -7"><span class='ocrx_word' id='word_1_684' title='bbox 1093 1738 1119 1765; x_wconf 89' lang='lat' dir='ltr'><strong>in</strong></span> <span class='ocrx_word' id='word_1_685' title='bbox 1137 1742 1272 1772; x_wconf 89' lang='lat' dir='ltr'><strong>posterum</strong></span> <span class='ocrx_word' id='word_1_686' title='bbox 1289 1738 1383 1766; x_wconf 86' lang='lat' dir='ltr'><strong>eadem</strong></span> <span class='ocrx_word' id='word_1_687' title='bbox 1399 1742 1571 1765; x_wconf 81' lang='lat' dir='ltr'><strong>conarentur.</strong></span> <span class='ocrx_word' id='word_1_688' title='bbox 1595 1737 1648 1765; x_wconf 85' lang='lat' dir='ltr'><strong>Sed</strong></span> <span class='ocrx_word' id='word_1_689' title='bbox 1664 1737 1738 1769; x_wconf 75' lang='lat' dir='ltr'><strong>ha-c,</strong></span> <span class='ocrx_word' id='word_1_690' title='bbox 1754 1737 1889 1770; x_wconf 74' lang='lat' dir='ltr'><strong>inquient.</strong></span> 
     </span>
    </p>
   </div>
   <div class='ocr_carea' id='block_1_98' title="bbox 1093 1782 1891 1818">
    <p class='ocr_par' dir='ltr' id='par_1_98' title="bbox 1093 1782 1891 1818">
     <span class='ocr_line' id='line_1_98' title="bbox 1093 1782 1891 1818; baseline -0.003 -8"><span class='ocrx_word' id='word_1_691' title='bbox 1093 1783 1180 1818; x_wconf 85' lang='lat' dir='ltr'><strong>prisca</strong></span> <span class='ocrx_word' id='word_1_692' title='bbox 1195 1787 1222 1810; x_wconf 88' lang='lat' dir='ltr'><strong>et</strong></span> <span class='ocrx_word' id='word_1_693' title='bbox 1236 1782 1366 1810; x_wconf 86' lang='lat' dir='ltr'><strong>obsoleta.</strong></span> <span class='ocrx_word' id='word_1_694' title='bbox 1379 1782 1434 1810; x_wconf 91' lang='lat' dir='ltr'><strong>lmo</strong></span> <span class='ocrx_word' id='word_1_695' title='bbox 1449 1783 1500 1810; x_wconf 90' lang='lat' dir='ltr'><strong>hoc</strong></span> <span class='ocrx_word' id='word_1_696' title='bbox 1509 1783 1597 1817; x_wconf 88' lang='lat' dir='ltr'><strong>potius</strong></span> <span class='ocrx_word' id='word_1_697' title='bbox 1607 1787 1700 1810; x_wconf 81' lang='lat' dir='ltr'><strong>notum</strong></span> <span class='ocrx_word' id='word_1_698' title='bbox 1711 1787 1752 1810; x_wconf 85' lang='lat' dir='ltr'><strong>est</strong></span> <span class='ocrx_word' id='word_1_699' title='bbox 1762 1782 1846 1809; x_wconf 75' lang='lat' dir='ltr'><strong>etiam</strong></span> <span class='ocrx_word' id='word_1_700' title='bbox 1859 1784 1891 1809; x_wconf 84' lang='lat' dir='ltr'><strong>iis</strong></span> 
     </span>
    </p>
   </div>
   <div class='ocr_carea' id='block_1_99' title="bbox 1093 1828 1503 1863">
    <p class='ocr_par' dir='ltr' id='par_1_99' title="bbox 1093 1828 1503 1863">
     <span class='ocr_line' id='line_1_99' title="bbox 1093 1828 1503 1863; baseline -0.002 -8"><span class='ocrx_word' id='word_1_701' title='bbox 1093 1828 1138 1863; x_wconf 89' lang='lat' dir='ltr'><strong>qui</strong></span> <span class='ocrx_word' id='word_1_702' title='bbox 1153 1829 1222 1855; x_wconf 88' lang='lat' dir='ltr'><strong>inter</strong></span> <span class='ocrx_word' id='word_1_703' title='bbox 1236 1835 1283 1855; x_wconf 88' lang='lat' dir='ltr'><strong>vos</strong></span> <span class='ocrx_word' id='word_1_704' title='bbox 1297 1831 1359 1855; x_wconf 92' lang='lat' dir='ltr'><strong>sunt</strong></span> <span class='ocrx_word' id='word_1_705' title='bbox 1372 1829 1503 1856; x_wconf 84' lang='lat' dir='ltr'><strong>seniores.</strong></span> 
     </span>
    </p>
   </div>
   <div class='ocr_carea' id='block_1_100' title="bbox 1129 1872 1892 1908">
    <p class='ocr_par' dir='ltr' id='par_1_100' title="bbox 1129 1872 1892 1908">
     <span class='ocr_line' id='line_1_100' title="bbox 1129 1872 1892 1908; baseline 0 -9"><span class='ocrx_word' id='word_1_706' title='bbox 1129 1873 1213 1900; x_wconf 73' lang='lat' dir='ltr'><strong>.ludwi</strong></span> <span class='ocrx_word' id='word_1_707' title='bbox 1233 1875 1331 1908; x_wconf 81' lang='lat' dir='ltr'><strong>favente</strong></span> <span class='ocrx_word' id='word_1_708' title='bbox 1346 1873 1452 1900; x_wconf 81' lang='lat' dir='ltr'><strong>Juliano</strong></span> <span class='ocrx_word' id='word_1_709' title='bbox 1464 1872 1588 1908; x_wconf 73' lang='lat' dir='ltr'><strong>Apostata</strong></span> <span class='ocrx_word' id='word_1_710' title='bbox 1606 1873 1727 1908; x_wconf 75' lang='lat' dir='ltr'><strong>temptant</strong></span> <span class='ocrx_word' id='word_1_711' title='bbox 1746 1878 1892 1900; x_wconf 64' lang='lat' dir='ltr'><strong>restaurare</strong></span> 
     </span>
    </p>
   </div>
   <div class='ocr_carea' id='block_1_101' title="bbox 1095 1919 1890 1954">
    <p class='ocr_par' dir='ltr' id='par_1_101' title="bbox 1095 1919 1890 1954">
     <span class='ocr_line' id='line_1_101' title="bbox 1095 1919 1890 1954; baseline 0 -9"><span class='ocrx_word' id='word_1_712' title='bbox 1095 1920 1190 1954; x_wconf 80' lang='lat' dir='ltr'><strong>frustra</strong></span> <span class='ocrx_word' id='word_1_713' title='bbox 1211 1923 1347 1946; x_wconf 83' lang='lat' dir='ltr'><strong>tentarunt.</strong></span> <span class='ocrx_word' id='word_1_714' title='bbox 1370 1934 1404 1938; x_wconf 92' lang='lat'><strong>—</strong></span> <span class='ocrx_word' id='word_1_715' title='bbox 1427 1919 1503 1953; x_wconf 86' lang='lat' dir='ltr'><strong>Quod</strong></span> <span class='ocrx_word' id='word_1_716' title='bbox 1527 1927 1590 1946; x_wconf 91' lang='lat' dir='ltr'><strong>vero</strong></span> <span class='ocrx_word' id='word_1_717' title='bbox 1608 1919 1663 1954; x_wconf 85' lang='lat' dir='ltr'><strong>jam</strong></span> <span class='ocrx_word' id='word_1_718' title='bbox 1677 1919 1797 1946; x_wconf 83' lang='lat' dir='ltr'><strong>dicturus</strong></span> <span class='ocrx_word' id='word_1_719' title='bbox 1817 1928 1890 1952; x_wconf 73' lang='lat' dir='ltr'><strong>sum,</strong></span> 
     </span>
    </p>
   </div>
   <div class='ocr_carea' id='block_1_102' title="bbox 1093 1963 1890 1999">
    <p class='ocr_par' dir='ltr' id='par_1_102' title="bbox 1093 1963 1890 1999">
     <span class='ocr_line' id='line_1_102' title="bbox 1093 1963 1890 1999; baseline 0 -9"><span class='ocrx_word' id='word_1_720' title='bbox 1093 1964 1174 1991; x_wconf 89' lang='lat' dir='ltr'><strong>etiam</strong></span> <span class='ocrx_word' id='word_1_721' title='bbox 1188 1963 1329 1990; x_wconf 83' lang='lat' dir='ltr'><strong>admodum</strong></span> <span class='ocrx_word' id='word_1_722' title='bbox 1339 1964 1478 1999; x_wconf 83' lang='lat' dir='ltr'><strong>juvenibus</strong></span> <span class='ocrx_word' id='word_1_723' title='bbox 1491 1969 1533 1992; x_wconf 92' lang='lat' dir='ltr'><strong>est</strong></span> <span class='ocrx_word' id='word_1_724' title='bbox 1546 1965 1647 1992; x_wconf 88' lang='lat' dir='ltr'><strong>clarum</strong></span> <span class='ocrx_word' id='word_1_725' title='bbox 1662 1972 1693 1991; x_wconf 89' lang='lat' dir='ltr'><strong>ac</strong></span> <span class='ocrx_word' id='word_1_726' title='bbox 1706 1964 1890 1999; x_wconf 71' lang='lat' dir='ltr'><strong>perspiCuum.</strong></span> 
     </span>
    </p>
   </div>
   <div class='ocr_carea' id='block_1_103' title="bbox 1096 2009 1892 2044">
    <p class='ocr_par' dir='ltr' id='par_1_103' title="bbox 1096 2009 1892 2044">
     <span class='ocr_line' id='line_1_103' title="bbox 1096 2009 1892 2044; baseline 0 -9"><span class='ocrx_word' id='word_1_727' title='bbox 1096 2009 1152 2036; x_wconf 83' lang='lat' dir='ltr'><strong>Non</strong></span> <span class='ocrx_word' id='word_1_728' title='bbox 1176 2010 1246 2036; x_wconf 86' lang='lat' dir='ltr'><strong>enim</strong></span> <span class='ocrx_word' id='word_1_729' title='bbox 1266 2013 1369 2044; x_wconf 76' lang='lat' dir='ltr'><strong>gestum</strong></span> <span class='ocrx_word' id='word_1_730' title='bbox 1389 2014 1431 2036; x_wconf 88' lang='lat' dir='ltr'><strong>est</strong></span> <span class='ocrx_word' id='word_1_731' title='bbox 1451 2009 1501 2036; x_wconf 91' lang='lat' dir='ltr'><strong>sub</strong></span> <span class='ocrx_word' id='word_1_732' title='bbox 1515 2009 1631 2037; x_wconf 87' lang='lat' dir='ltr'><strong>Adriano</strong></span> <span class='ocrx_word' id='word_1_733' title='bbox 1644 2014 1690 2036; x_wconf 80' lang='lat' dir='ltr'><strong>aut</strong></span> <span class='ocrx_word' id='word_1_734' title='bbox 1702 2010 1860 2036; x_wconf 73' lang='lat' dir='ltr'><strong>Constantia</strong></span> <span class='ocrx_word' id='word_1_735' title='bbox 1874 2021 1892 2041; x_wconf 75' lang='grc' dir='ltr'><strong>ι,</strong></span> 
     </span>
    </p>
   </div>
   <div class='ocr_carea' id='block_1_104' title="bbox 1097 2055 1895 2090">
    <p class='ocr_par' dir='ltr' id='par_1_104' title="bbox 1097 2055 1895 2090">
     <span class='ocr_line' id='line_1_104' title="bbox 1097 2055 1895 2090; baseline -0.001 -8"><span class='ocrx_word' id='word_1_736' title='bbox 1097 2055 1144 2083; x_wconf 89' lang='lat' dir='ltr'><strong>sed</strong></span> <span class='ocrx_word' id='word_1_737' title='bbox 1158 2055 1208 2082; x_wconf 91' lang='lat' dir='ltr'><strong>sub</strong></span> <span class='ocrx_word' id='word_1_738' title='bbox 1224 2055 1384 2090; x_wconf 85' lang='lat' dir='ltr'><strong>lmperatore</strong></span> <span class='ocrx_word' id='word_1_739' title='bbox 1397 2055 1441 2089; x_wconf 87' lang='lat' dir='ltr'><strong>qui</strong></span> <span class='ocrx_word' id='word_1_740' title='bbox 1461 2055 1508 2082; x_wconf 87' lang='lat' dir='ltr'><strong>l&#39;ui-t</strong></span> <span class='ocrx_word' id='word_1_741' title='bbox 1521 2059 1599 2082; x_wconf 76' lang='lat' dir='ltr'><strong>tutatc</strong></span> <span class='ocrx_word' id='word_1_742' title='bbox 1618 2059 1708 2081; x_wconf 88' lang='lat' dir='ltr'><strong>nostra</strong></span> <span class='ocrx_word' id='word_1_743' title='bbox 1726 2059 1788 2081; x_wconf 87' lang='lat' dir='ltr'><strong>ante</strong></span> <span class='ocrx_word' id='word_1_744' title='bbox 1806 2062 1895 2081; x_wconf 78' lang='lat' dir='ltr'><strong>annos</strong></span> 
     </span>
    </p>
   </div>
   <div class='ocr_carea' id='block_1_105' title="bbox 1096 2100 1894 2136">
    <p class='ocr_par' dir='ltr' id='par_1_105' title="bbox 1096 2100 1894 2136">
     <span class='ocr_line' id='line_1_105' title="bbox 1096 2100 1894 2136; baseline -0.003 -8"><span class='ocrx_word' id='word_1_745' title='bbox 1096 2102 1197 2136; x_wconf 79' lang='lat' dir='ltr'><strong>viginti.</strong></span> <span class='ocrx_word' id='word_1_746' title='bbox 1213 2101 1316 2129; x_wconf 83' lang='lat' dir='ltr'><strong>Etenim</strong></span> <span class='ocrx_word' id='word_1_747' title='bbox 1330 2109 1390 2129; x_wconf 92' lang='lat' dir='ltr'><strong>cum</strong></span> <span class='ocrx_word' id='word_1_748' title='bbox 1405 2101 1536 2134; x_wconf 83' lang='lat' dir='ltr'><strong>Julianus,</strong></span> <span class='ocrx_word' id='word_1_749' title='bbox 1552 2101 1597 2135; x_wconf 86' lang='lat' dir='ltr'><strong>qui</strong></span> <span class='ocrx_word' id='word_1_750' title='bbox 1609 2100 1786 2136; x_wconf 76' lang='lat' dir='ltr'><strong>imperatores</strong></span> <span class='ocrx_word' id='word_1_751' title='bbox 1795 2107 1894 2127; x_wconf 76' lang='lat' dir='ltr'><strong>omnes</strong></span> 
     </span>
    </p>
   </div>
   <div class='ocr_carea' id='block_1_106' title="bbox 1097 2147 1894 2182">
    <p class='ocr_par' dir='ltr' id='par_1_106' title="bbox 1097 2147 1894 2182">
     <span class='ocr_line' id='line_1_106' title="bbox 1097 2147 1894 2182; baseline 0 -8"><span class='ocrx_word' id='word_1_752' title='bbox 1097 2147 1234 2182; x_wconf 83' lang='lat' dir='ltr'><strong>superavit</strong></span> <span class='ocrx_word' id='word_1_753' title='bbox 1254 2148 1408 2182; x_wconf 84' lang='lat' dir='ltr'><strong>impietate,</strong></span> <span class='ocrx_word' id='word_1_754' title='bbox 1430 2152 1537 2175; x_wconf 82' lang='lat' dir='ltr'><strong>voearet</strong></span> <span class='ocrx_word' id='word_1_755' title='bbox 1558 2147 1618 2175; x_wconf 91' lang='lat' dir='ltr'><strong>illos</strong></span> <span class='ocrx_word' id='word_1_756' title='bbox 1637 2147 1669 2174; x_wconf 86' lang='lat' dir='ltr'><strong>ad</strong></span> <span class='ocrx_word' id='word_1_757' title='bbox 1686 2147 1894 2174; x_wconf 84' lang='lat' dir='ltr'><strong>sacriﬁcandum</strong></span> 
     </span>
    </p>
   </div>
   <div class='ocr_carea' id='block_1_107' title="bbox 1099 2192 1893 2228">
    <p class='ocr_par' dir='ltr' id='par_1_107' title="bbox 1099 2192 1893 2228">
     <span class='ocr_line' id='line_1_107' title="bbox 1099 2192 1893 2228; baseline 0.003 -9"><span class='ocrx_word' id='word_1_758' title='bbox 1099 2192 1185 2226; x_wconf 83' lang='lat' dir='ltr'><strong>idolis,</strong></span> <span class='ocrx_word' id='word_1_759' title='bbox 1201 2198 1228 2220; x_wconf 89' lang='lat' dir='ltr'><strong>et</strong></span> <span class='ocrx_word' id='word_1_760' title='bbox 1241 2193 1273 2221; x_wconf 92' lang='lat' dir='ltr'><strong>ad</strong></span> <span class='ocrx_word' id='word_1_761' title='bbox 1287 2201 1362 2221; x_wconf 88' lang='lat' dir='ltr'><strong>suam</strong></span> <span class='ocrx_word' id='word_1_762' title='bbox 1379 2193 1541 2228; x_wconf 82' lang='lat' dir='ltr'><strong>impietatem</strong></span> <span class='ocrx_word' id='word_1_763' title='bbox 1560 2193 1716 2227; x_wconf 81' lang='lat' dir='ltr'><strong>pertrahere</strong></span> <span class='ocrx_word' id='word_1_764' title='bbox 1735 2197 1893 2221; x_wconf 78' lang='lat' dir='ltr'><strong>certaretur.</strong></span> 
     </span>
    </p>
   </div>
   <div class='ocr_carea' id='block_1_108' title="bbox 1098 2238 1894 2273">
    <p class='ocr_par' dir='ltr' id='par_1_108' title="bbox 1098 2238 1894 2273">
     <span class='ocr_line' id='line_1_108' title="bbox 1098 2238 1894 2273; baseline -0.001 -8"><span class='ocrx_word' id='word_1_765' title='bbox 1098 2245 1129 2265; x_wconf 76' lang='lat' dir='ltr'><strong>ac</strong></span> <span class='ocrx_word' id='word_1_766' title='bbox 1137 2246 1199 2266; x_wconf 76' lang='lat' dir='ltr'><strong>mox</strong></span> <span class='ocrx_word' id='word_1_767' title='bbox 1211 2238 1356 2273; x_wconf 76' lang='lat' dir='ltr'><strong>objicereut</strong></span> <span class='ocrx_word' id='word_1_768' title='bbox 1371 2239 1419 2273; x_wconf 81' lang='lat' dir='ltr'><strong>ipsi</strong></span> <span class='ocrx_word' id='word_1_769' title='bbox 1435 2238 1548 2273; x_wconf 88' lang='lat' dir='ltr'><strong>priscum</strong></span> <span class='ocrx_word' id='word_1_770' title='bbox 1557 2239 1645 2266; x_wconf 90' lang='lat' dir='ltr'><strong>cultus</strong></span> <span class='ocrx_word' id='word_1_771' title='bbox 1655 2239 1745 2268; x_wconf 82' lang='lat' dir='ltr'><strong>ritum.</strong></span> <span class='ocrx_word' id='word_1_772' title='bbox 1755 2238 1894 2266; x_wconf 84' lang='lat' dir='ltr'><strong>dicentes:</strong></span> 
     </span>
    </p>
   </div>
   <div class='ocr_carea' id='block_1_109' title="bbox 1099 2284 1894 2320">
    <p class='ocr_par' dir='ltr' id='par_1_109' title="bbox 1099 2284 1894 2320">
     <span class='ocr_line' id='line_1_109' title="bbox 1099 2284 1894 2320; baseline -0.001 -9"><span class='ocrx_word' id='word_1_773' title='bbox 1099 2292 1114 2311; x_wconf 84' lang='lat' dir='ltr'><strong>a</strong></span> <span class='ocrx_word' id='word_1_774' title='bbox 1127 2285 1226 2312; x_wconf 82' lang='lat' dir='ltr'><strong>nostris</strong></span> <span class='ocrx_word' id='word_1_775' title='bbox 1240 2285 1386 2320; x_wconf 89' lang='lat' dir='ltr'><strong>majoribus</strong></span> <span class='ocrx_word' id='word_1_776' title='bbox 1402 2285 1470 2312; x_wconf 89' lang='lat' dir='ltr'><strong>Deus</strong></span> <span class='ocrx_word' id='word_1_777' title='bbox 1486 2285 1536 2312; x_wconf 89' lang='lat' dir='ltr'><strong>hoc</strong></span> <span class='ocrx_word' id='word_1_778' title='bbox 1549 2285 1629 2312; x_wconf 90' lang='lat' dir='ltr'><strong>modo</strong></span> <span class='ocrx_word' id='word_1_779' title='bbox 1638 2285 1726 2312; x_wconf 86' lang='lat' dir='ltr'><strong>cultus</strong></span> <span class='ocrx_word' id='word_1_780' title='bbox 1735 2289 1794 2316; x_wconf 82' lang='lat' dir='ltr'><strong>est;</strong></span> <span class='ocrx_word' id='word_1_781' title='bbox 1811 2284 1894 2311; x_wconf 84' lang='lat' dir='ltr'><strong>etiam</strong></span> 
     </span>
    </p>
   </div>
   <div class='ocr_carea' id='block_1_110' title="bbox 1101 2329 1893 2365">
    <p class='ocr_par' dir='ltr' id='par_1_110' title="bbox 1101 2329 1893 2365">
     <span class='ocr_line' id='line_1_110' title="bbox 1101 2329 1893 2365; baseline -0.001 -9"><span class='ocrx_word' id='word_1_782' title='bbox 1101 2330 1220 2357; x_wconf 84' lang='lat' dir='ltr'><strong>nolentes</strong></span> <span class='ocrx_word' id='word_1_783' title='bbox 1232 2335 1287 2357; x_wconf 88' lang='lat' dir='ltr'><strong>tum</strong></span> <span class='ocrx_word' id='word_1_784' title='bbox 1302 2330 1450 2358; x_wconf 79' lang='lat' dir='ltr'><strong>fatebantur</strong></span> <span class='ocrx_word' id='word_1_785' title='bbox 1465 2330 1538 2363; x_wconf 58' lang='lat' dir='ltr'><strong>haec,</strong></span> <span class='ocrx_word' id='word_1_786' title='bbox 1554 2338 1612 2365; x_wconf 83' lang='lat' dir='ltr'><strong>qu:e</strong></span> <span class='ocrx_word' id='word_1_787' title='bbox 1629 2338 1676 2357; x_wconf 88' lang='lat' dir='ltr'><strong>nos</strong></span> <span class='ocrx_word' id='word_1_788' title='bbox 1690 2337 1761 2357; x_wconf 87' lang='lat' dir='ltr'><strong>nunc</strong></span> <span class='ocrx_word' id='word_1_789' title='bbox 1778 2329 1893 2356; x_wconf 80' lang='lat' dir='ltr'><strong>demou-</strong></span> 
     </span>
    </p>
   </div>
   <div class='ocr_carea' id='block_1_111' title="bbox 1100 2375 1893 2411">
    <p class='ocr_par' dir='ltr' id='par_1_111' title="bbox 1100 2375 1893 2411">
     <span class='ocr_line' id='line_1_111' title="bbox 1100 2375 1893 2411; baseline -0.003 -9"><span class='ocrx_word' id='word_1_790' title='bbox 1100 2376 1251 2408; x_wconf 84' lang='lat' dir='ltr'><strong>stravimus,</strong></span> <span class='ocrx_word' id='word_1_791' title='bbox 1268 2376 1336 2411; x_wconf 85' lang='lat' dir='ltr'><strong>quod</strong></span> <span class='ocrx_word' id='word_1_792' title='bbox 1351 2375 1391 2402; x_wconf 86' lang='lat' dir='ltr'><strong>l&#39;as</strong></span> <span class='ocrx_word' id='word_1_793' title='bbox 1405 2383 1457 2402; x_wconf 93' lang='lat' dir='ltr'><strong>non</strong></span> <span class='ocrx_word' id='word_1_794' title='bbox 1473 2381 1545 2403; x_wconf 90' lang='lat' dir='ltr'><strong>esset</strong></span> <span class='ocrx_word' id='word_1_795' title='bbox 1557 2381 1630 2403; x_wconf 81' lang='lat' dir='ltr'><strong>extra</strong></span> <span class='ocrx_word' id='word_1_796' title='bbox 1644 2376 1777 2403; x_wconf 79' lang='lat' dir='ltr'><strong>civitatem</strong></span> <span class='ocrx_word' id='word_1_797' title='bbox 1798 2375 1893 2401; x_wconf 84' lang='lat' dir='ltr'><strong>immo-</strong></span> 
     </span>
    </p>
   </div>
   <div class='ocr_carea' id='block_1_112' title="bbox 1101 2420 1893 2456">
    <p class='ocr_par' dir='ltr' id='par_1_112' title="bbox 1101 2420 1893 2456">
     <span class='ocr_line' id='line_1_112' title="bbox 1101 2420 1893 2456; baseline -0.004 -8"><span class='ocrx_word' id='word_1_798' title='bbox 1101 2421 1156 2449; x_wconf 73' lang='lat' dir='ltr'><strong>lare</strong></span> <span class='ocrx_word' id='word_1_799' title='bbox 1170 2422 1290 2449; x_wconf 85' lang='lat' dir='ltr'><strong>vic.imas</strong></span> <span class='ocrx_word' id='word_1_800' title='bbox 1305 2430 1311 2448; x_wconf 90' lang='lat'>:</span> <span class='ocrx_word' id='word_1_801' title='bbox 1327 2421 1372 2448; x_wconf 84' lang='lat' dir='ltr'><strong>sed</strong></span> <span class='ocrx_word' id='word_1_802' title='bbox 1386 2442 1393 2453; x_wconf 87' lang='lat'><strong>,</strong></span> <span class='ocrx_word' id='word_1_803' title='bbox 1415 2422 1586 2455; x_wconf 81' lang='lat' dir='ltr'><strong>iuquiebant.</strong></span> <span class='ocrx_word' id='word_1_804' title='bbox 1607 2421 1762 2456; x_wconf 82' lang='lat' dir='ltr'><strong>religionem</strong></span> <span class='ocrx_word' id='word_1_805' title='bbox 1782 2420 1893 2451; x_wconf 80' lang='lat' dir='ltr'><strong>violant,</strong></span> 
     </span>
    </p>
   </div>
   <div class='ocr_carea' id='block_1_113' title="bbox 1101 2466 1896 2503">
    <p class='ocr_par' dir='ltr' id='par_1_113' title="bbox 1101 2466 1896 2503">
     <span class='ocr_line' id='line_1_113' title="bbox 1101 2466 1896 2503; baseline -0.004 -8"><span class='ocrx_word' id='word_1_806' title='bbox 1101 2470 1262 2503; x_wconf 83' lang='lat' dir='ltr'><strong>quicumque</strong></span> <span class='ocrx_word' id='word_1_807' title='bbox 1276 2470 1427 2495; x_wconf 80' lang='lat' dir='ltr'><strong>sacriﬁcant</strong></span> <span class='ocrx_word' id='word_1_808' title='bbox 1441 2468 1466 2495; x_wconf 87' lang='lat' dir='ltr'><strong>itt</strong></span> <span class='ocrx_word' id='word_1_809' title='bbox 1482 2473 1554 2496; x_wconf 83' lang='lat' dir='ltr'><strong>terra</strong></span> <span class='ocrx_word' id='word_1_810' title='bbox 1568 2468 1665 2495; x_wconf 85' lang='lat' dir='ltr'><strong>aliena.</strong></span> <span class='ocrx_word' id='word_1_811' title='bbox 1689 2466 1804 2494; x_wconf 80' lang='lat' dir='ltr'><strong>Proinde</strong></span> <span class='ocrx_word' id='word_1_812' title='bbox 1815 2466 1839 2492; x_wconf 85' lang='lat' dir='ltr'><strong>si</strong></span> <span class='ocrx_word' id='word_1_813' title='bbox 1856 2467 1896 2492; x_wconf 78' lang='lat' dir='ltr'><strong>vis</strong></span> 
     </span>
    </p>
   </div>
   <div class='ocr_carea' id='block_1_114' title="bbox 1103 2512 1897 2547">
    <p class='ocr_par' dir='ltr' id='par_1_114' title="bbox 1103 2512 1897 2547">
     <span class='ocr_line' id='line_1_114' title="bbox 1103 2512 1897 2547; baseline -0.005 -5"><span class='ocrx_word' id='word_1_814' title='bbox 1103 2523 1150 2542; x_wconf 82' lang='lat' dir='ltr'><strong>nos</strong></span> <span class='ocrx_word' id='word_1_815' title='bbox 1167 2515 1255 2542; x_wconf 84' lang='lat' dir='ltr'><strong>videre</strong></span> <span class='ocrx_word' id='word_1_816' title='bbox 1267 2515 1448 2542; x_wconf 80' lang='lat' dir='ltr'><strong>sacriﬁcantes</strong></span> <span class='ocrx_word' id='word_1_817' title='bbox 1460 2535 1467 2547; x_wconf 86' lang='lat'><strong>,</strong></span> <span class='ocrx_word' id='word_1_818' title='bbox 1483 2513 1565 2541; x_wconf 86' lang='lat' dir='ltr'><strong>redde</strong></span> <span class='ocrx_word' id='word_1_819' title='bbox 1584 2513 1660 2540; x_wconf 86' lang='lat' dir='ltr'><strong>nobis</strong></span> <span class='ocrx_word' id='word_1_820' title='bbox 1682 2512 1834 2543; x_wconf 85' lang='lat' dir='ltr'><strong>civitatem.</strong></span> <span class='ocrx_word' id='word_1_821' title='bbox 1851 2519 1897 2538; x_wconf 84' lang='lat' dir='ltr'><strong>re-</strong></span> 
     </span>
    </p>
   </div>
   <div class='ocr_carea' id='block_1_115' title="bbox 1103 2558 1896 2595">
    <p class='ocr_par' dir='ltr' id='par_1_115' title="bbox 1103 2558 1896 2595">
     <span class='ocr_line' id='line_1_115' title="bbox 1103 2558 1896 2595; baseline -0.009 -7"><span class='ocrx_word' id='word_1_822' title='bbox 1103 2562 1183 2589; x_wconf 87' lang='lat' dir='ltr'><strong>stitue</strong></span> <span class='ocrx_word' id='word_1_823' title='bbox 1202 2560 1345 2595; x_wconf 87' lang='lat' dir='ltr'><strong>templum,</strong></span> <span class='ocrx_word' id='word_1_824' title='bbox 1361 2560 1457 2588; x_wconf 56' lang='lat' dir='ltr'><strong>exhibe</strong></span> <span class='ocrx_word' id='word_1_825' title='bbox 1469 2559 1545 2587; x_wconf 86' lang='lat' dir='ltr'><strong>nobis</strong></span> <span class='ocrx_word' id='word_1_826' title='bbox 1557 2563 1646 2586; x_wconf 85' lang='lat' dir='ltr'><strong>sancta</strong></span> <span class='ocrx_word' id='word_1_827' title='bbox 1659 2562 1823 2589; x_wconf 77' lang='lat' dir='ltr'><strong>sanctorum,</strong></span> <span class='ocrx_word' id='word_1_828' title='bbox 1837 2558 1896 2583; x_wconf 71' lang='lat' dir='ltr'><strong>col-</strong></span> 
     </span>
    </p>
   </div>
   <div class='ocr_carea' id='block_1_116' title="bbox 1103 2603 1895 2639">
    <p class='ocr_par' dir='ltr' id='par_1_116' title="bbox 1103 2603 1895 2639">
     <span class='ocr_line' id='line_1_116' title="bbox 1103 2603 1895 2639; baseline -0.008 -5"><span class='ocrx_word' id='word_1_829' title='bbox 1103 2607 1159 2634; x_wconf 87' lang='lat' dir='ltr'><strong>loca</strong></span> <span class='ocrx_word' id='word_1_830' title='bbox 1179 2614 1269 2639; x_wconf 82' lang='lat' dir='ltr'><strong>aram,</strong></span> <span class='ocrx_word' id='word_1_831' title='bbox 1295 2610 1322 2633; x_wconf 90' lang='lat' dir='ltr'><strong>et</strong></span> <span class='ocrx_word' id='word_1_832' title='bbox 1342 2606 1550 2634; x_wconf 79' lang='lat' dir='ltr'><strong>sacriﬁcabimus</strong></span> <span class='ocrx_word' id='word_1_833' title='bbox 1575 2612 1646 2632; x_wconf 86' lang='lat' dir='ltr'><strong>nunc</strong></span> <span class='ocrx_word' id='word_1_834' title='bbox 1671 2603 1895 2638; x_wconf 75' lang='lat' dir='ltr'><strong>quemadmodum</strong></span> 
     </span>
    </p>
   </div>
   <div class='ocr_carea' id='block_1_117' title="bbox 1104 2649 1911 2693">
    <p class='ocr_par' dir='ltr' id='par_1_117' title="bbox 1104 2649 1911 2693">
     <span class='ocr_line' id='line_1_117' title="bbox 1104 2649 1911 2693; baseline -0.006 -14"><span class='ocrx_word' id='word_1_835' title='bbox 1104 2652 1178 2679; x_wconf 90' lang='lat' dir='ltr'><strong>olim.</strong></span> <span class='ocrx_word' id='word_1_836' title='bbox 1200 2652 1254 2679; x_wconf 78' lang='lat' dir='ltr'><strong>Nec</strong></span> <span class='ocrx_word' id='word_1_837' title='bbox 1275 2652 1363 2686; x_wconf 90' lang='lat' dir='ltr'><strong>puduit</strong></span> <span class='ocrx_word' id='word_1_838' title='bbox 1379 2652 1524 2678; x_wconf 69' lang='lat' dir='ltr'><strong>sceIu&#39;atos</strong></span> <span class='ocrx_word' id='word_1_839' title='bbox 1539 2655 1566 2678; x_wconf 88' lang='lat' dir='ltr'><strong>et</strong></span> <span class='ocrx_word' id='word_1_840' title='bbox 1579 2650 1705 2678; x_wconf 76' lang='lat' dir='ltr'><strong>eﬁ‘rontes</strong></span> <span class='ocrx_word' id='word_1_841' title='bbox 1716 2649 1775 2676; x_wconf 73' lang='lat' dir='ltr'><strong>lucc</strong></span> <span class='ocrx_word' id='word_1_842' title='bbox 1783 2655 1911 2693; x_wconf 45' lang='lat' dir='ltr'><strong>poscere.</strong></span> 
     </span>
    </p>
   </div>
   <div class='ocr_carea' id='block_1_118' title="bbox 1104 2695 1897 2733">
    <p class='ocr_par' dir='ltr' id='par_1_118' title="bbox 1104 2695 1897 2733">
     <span class='ocr_line' id='line_1_118' title="bbox 1104 2695 1897 2733; baseline -0.009 -8"><span class='ocrx_word' id='word_1_843' title='bbox 1104 2705 1119 2725; x_wconf 77' lang='grc' dir='ltr'>ι</span> <span class='ocrx_word' id='word_1_844' title='bbox 1131 2697 1185 2726; x_wconf 89' lang='lat' dir='ltr'><strong>viro</strong></span> <span class='ocrx_word' id='word_1_845' title='bbox 1199 2698 1278 2732; x_wconf 86' lang='lat' dir='ltr'><strong>impio</strong></span> <span class='ocrx_word' id='word_1_846' title='bbox 1293 2705 1464 2733; x_wconf 72' lang='lat' dir='ltr'><strong>paganoque,</strong></span> <span class='ocrx_word' id='word_1_847' title='bbox 1480 2701 1507 2724; x_wconf 80' lang='lat' dir='ltr'><strong>et</strong></span> <span class='ocrx_word' id='word_1_848' title='bbox 1524 2696 1642 2730; x_wconf 65' lang='lat' dir='ltr'><strong>impurus</strong></span> <span class='ocrx_word' id='word_1_849' title='bbox 1655 2695 1723 2722; x_wconf 85' lang='lat' dir='ltr'><strong>illius</strong></span> <span class='ocrx_word' id='word_1_850' title='bbox 1738 2701 1834 2721; x_wconf 81' lang='lat' dir='ltr'><strong>manus</strong></span> <span class='ocrx_word' id='word_1_851' title='bbox 1848 2701 1897 2718; x_wconf 81' lang='lat' dir='ltr'><strong>vn-</strong></span> 
     </span>
    </p>
   </div>
   <div class='ocr_carea' id='block_1_119' title="bbox 1104 2737 1898 2774">
    <p class='ocr_par' dir='ltr' id='par_1_119' title="bbox 1104 2737 1898 2774">
     <span class='ocr_line' id='line_1_119' title="bbox 1104 2737 1898 2774; baseline -0.01 -3"><span class='ocrx_word' id='word_1_852' title='bbox 1104 2751 1167 2771; x_wconf 85' lang='lat' dir='ltr'><strong>care</strong></span> <span class='ocrx_word' id='word_1_853' title='bbox 1184 2743 1217 2770; x_wconf 89' lang='lat' dir='ltr'><strong>ad</strong></span> <span class='ocrx_word' id='word_1_854' title='bbox 1230 2744 1436 2771; x_wconf 80' lang='lat' dir='ltr'><strong>exstructionem</strong></span> <span class='ocrx_word' id='word_1_855' title='bbox 1450 2746 1601 2770; x_wconf 84' lang='lat' dir='ltr'><strong>sancton</strong></span> <span class='ocrx_word' id='word_1_856' title='bbox 1613 2761 1621 2774; x_wconf 91' lang='lat'><strong>,</strong></span> <span class='ocrx_word' id='word_1_857' title='bbox 1642 2747 1692 2767; x_wconf 85' lang='lat' dir='ltr'><strong>nec</strong></span> <span class='ocrx_word' id='word_1_858' title='bbox 1713 2737 1898 2772; x_wconf 79' lang='lat' dir='ltr'><strong>intelligebaut</strong></span> 
     </span>
    </p>
   </div>
   <div class='ocr_carea' id='block_1_120' title="bbox 1104 2781 1898 2823">
    <p class='ocr_par' dir='ltr' id='par_1_120' title="bbox 1104 2781 1898 2823">
     <span class='ocr_line' id='line_1_120' title="bbox 1104 2781 1898 2823; baseline -0.01 -7"><span class='ocrx_word' id='word_1_859' title='bbox 1104 2795 1134 2817; x_wconf 79' lang='lat' dir='ltr'><strong>se</strong></span> <span class='ocrx_word' id='word_1_860' title='bbox 1148 2788 1238 2815; x_wconf 87' lang='lat' dir='ltr'><strong>conari</strong></span> <span class='ocrx_word' id='word_1_861' title='bbox 1252 2787 1439 2823; x_wconf 86' lang='lat' dir='ltr'><strong>impossibilia,</strong></span> <span class='ocrx_word' id='word_1_862' title='bbox 1461 2794 1547 2822; x_wconf 85' lang='lat' dir='ltr'><strong>neque</strong></span> <span class='ocrx_word' id='word_1_863' title='bbox 1561 2785 1757 2821; x_wconf 84' lang='lat' dir='ltr'><strong>per-pendebant</strong></span> <span class='ocrx_word' id='word_1_864' title='bbox 1766 2803 1774 2816; x_wconf 85' lang='lat'><strong>,</strong></span> <span class='ocrx_word' id='word_1_865' title='bbox 1790 2782 1862 2817; x_wconf 84' lang='lat' dir='ltr'><strong>quod</strong></span> <span class='ocrx_word' id='word_1_866' title='bbox 1874 2781 1898 2808; x_wconf 73' lang='lat' dir='ltr'><strong>si</strong></span> 
     </span>
    </p>
   </div>
   <div class='ocr_carea' id='block_1_121' title="bbox 1107 2823 1900 2867">
    <p class='ocr_par' dir='ltr' id='par_1_121' title="bbox 1107 2823 1900 2867">
     <span class='ocr_line' id='line_1_121' title="bbox 1107 2823 1900 2867; baseline -0.009 -4"><span class='ocrx_word' id='word_1_867' title='bbox 1107 2837 1186 2864; x_wconf 82' lang='lat' dir='ltr'><strong>homo</strong></span> <span class='ocrx_word' id='word_1_868' title='bbox 1209 2835 1252 2863; x_wconf 89' lang='lat' dir='ltr'><strong>illa</strong></span> <span class='ocrx_word' id='word_1_869' title='bbox 1267 2834 1409 2862; x_wconf 73' lang='lat' dir='ltr'><strong>demolitus</strong></span> <span class='ocrx_word' id='word_1_870' title='bbox 1431 2838 1516 2866; x_wconf 85' lang='lat' dir='ltr'><strong>esset,</strong></span> <span class='ocrx_word' id='word_1_871' title='bbox 1545 2832 1673 2867; x_wconf 84' lang='lat' dir='ltr'><strong>potuisset</strong></span> <span class='ocrx_word' id='word_1_872' title='bbox 1693 2830 1774 2857; x_wconf 84' lang='lat' dir='ltr'><strong>homo</strong></span> <span class='ocrx_word' id='word_1_873' title='bbox 1799 2823 1853 2852; x_wconf 71' lang='lat' dir='ltr'><strong>illis</strong></span> <span class='ocrx_word' id='word_1_874' title='bbox 1866 2829 1900 2848; x_wconf 72' lang='grc' dir='ltr'><strong>εει</strong></span> 
     </span>
    </p>
   </div>
  </div>
