2043 3116
176 154 223 184 SOI
796 155 976 185 ADVERSUS
995 156 1146 185 JUDIEOS.
1170 156 1199 183 V.

174 213 332 244 restituere;
358 219 449 239 verum
473 219 531 238 cuin
556 210 625 239 Deus
647 216 739 244 e~set,
763 212 808 246 qui
832 213 964 239 civitatein

173 259 279 286 illorum
301 258 483 292 subverterat,
503 257 559 285 ﬁeri
580 266 746 293 nequaquam
767 266 853 293 posse,
870 264 968 294 ntqme

175 305 244 332 Deus
256 305 422 336 decreverat,
433 312 558 339 umquam
570 309 701 332 everteret
713 304 827 331 humatta
839 306 965 339 potentia.

174 350 243 376 Nam
256 358 312 384 qua:
326 349 395 376 Deus
407 355 518 382 sanctus,
531 349 625 384 inquit,
640 349 736 381 statuit,
750 350 805 384 quis
816 350 969 385 dissipabit?

173 397 210 423 Ac
223 404 325 422 manum
336 396 405 422 illius
416 391 539 422 excelsam
554 396 609 430 quis
620 400 710 422 at'ertet
723 395 731 430 (
743 395 806 422 1δαί.
827 395 869 422 14.
889 395 924 422 27
937 396 945 429 )
956 395 968 422 ?

172 443 247 470 Sient
270 443 341 470 enim
367 450 545 477 qunecumque
571 442 614 469 ille
635 442 786 474 stabilierit,
803 442 968 476 volueritque

173 498 292 521 manere,
311 489 399 517 nullus
417 489 497 516 itonto
520 494 606 523 potest
621 489 742 516 detttoliri
761 498 767 515 :
783 489 818 514 ita
832 496 968 522 quaecum-

172 545 224 571 que
247 537 420 568 destrnxerit,
445 536 612 570 volueritque
632 543 741 562 manere
766 535 863 566 diruta,
889 541 968 561 neruo

174 584 270 617 poti-rit
295 583 454 609 instaurare.
485 581 583 609 Verum
607 585 666 608 esto
690 588 770 612 sane,
797 579 897 611 Judaei,
921 587 968 606 rex

173 629 304 663 templum
321 629 476 661 reddiderit,
488 636 560 655 aram
575 635 683 663 prorsus
696 628 822 658 erexerit,
837 626 967 661 quemad-

172 675 280 702 modum
303 683 349 701 vos
367 675 463 702 frustra
486 675 604 709 potuisse
618 673 674 701 ﬁeri
696 673 866 706 suSpicamini
883 682 888 699 :
904 680 967 699 num

171 725 198 747 et
212 721 299 755 ignem
310 721 445 747 caelestem
459 727 475 747 e
489 719 595 746 sublimi
611 724 713 753 poterat
723 718 798 745 vobis
808 717 948 745 demittere
956 717 967 742 ’ἰ

172 766 221 800 Qui
235 767 256 793 si
272 766 412 799 defuisset,
429 766 538 800 itnpium
554 769 581 792 et
594 765 725 799 itnpurunt
750 764 844 791 luisset
864 763 967 790 sacrifi-

172 813 254 840 cium.
270 812 312 839 0b
322 812 373 839 ltoc
384 812 454 839 enint
471 811 609 846 perierunt
622 810 666 836 ﬁlii
680 810 779 842 Aaron,
791 809 862 844 qttod
879 809 966 843 ignem

171 859 290 885 alienum
305 858 469 885 induxerint.
486 857 661 884 Nihilominus
676 857 708 883 ad
722 857 811 883 omnia
827 855 964 888 obcaecati,

172 906 349 933 obsecrabaut
362 913 393 932 ac
406 905 599 939 supplicabant,
615 909 642 930 ιιι
663 911 723 930 cum
742 903 807 938 ipsis
819 903 967 936 susciperet

172 956 199 979 et
225 951 415 986 aggrederetur
445 950 664 977 ittstattrationem
691 949 792 984 templi.
818 950 852 975 At
875 948 920 975 ille
940 954 966 976 et

174 999 300 1031 pecunias
314 997 453 1032 impendit,
467 1001 492 1024 et
506 996 646 1030 perfectos
661 995 732 1022 misit
743 995 813 1022 viros
825 995 964 1030 primates,

173 1048 198 1069 et
214 1043 330 1071 artifices
341 1043 511 1077 undiqttaque
525 1041 625 1069 accersi
640 1041 727 1075 jussit,
743 1040 807 1067 nihil
824 1048 875 1067 tton
893 1039 963 1071 fecit,

173 1088 237 1115 nihil
256 1097 307 1116 non
324 1089 446 1121 tentavit,
471 1087 597 1122 paulatim
618 1094 649 1113 ac
669 1086 768 1113 sensim
796 1086 846 1113 hoc
871 1092 963 1120 agens,

172 1141 338 1169 speransque
352 1134 479 1165 futurum,
495 1139 523 1159 ut
546 1134 568 1160 si
592 1137 681 1167 posset
694 1132 753 1159 illos
766 1132 800 1159 ad
814 1131 966 1159 sacriﬁcan-

172 1181 235 1207 dum
250 1181 384 1213 inducere,
401 1180 476 1207 facile
491 1181 550 1207 illos
561 1184 699 1207 revocaret
712 1178 744 1206 ad
757 1179 843 1205 cultus
857 1178 966 1205 simula~

172 1235 290 1254 erorunt.
307 1227 391 1254 Simul
405 1231 432 1254 et
445 1226 508 1253 illud
531 1226 587 1253 fore
609 1225 732 1260 sperabat
747 1225 855 1252 insanus
870 1224 913 1251 ille
935 1231 966 1250 ac

173 1281 278 1306 vecors,
293 1278 321 1299 ut
341 1272 439 1299 Christi
453 1272 610 1299 sententiam
636 1271 817 1303 frustraretur,
831 1277 890 1304 quae
912 1278 964 1296 tton

174 1319 270 1352 patitur
282 1319 409 1353 templum
425 1317 487 1344 illud
504 1317 655 1344 instaurari.
671 1317 768 1344 Verum
785 1317 817 1348 is,
833 1315 877 1351 qui
892 1323 965 1342 cont-

175 1363 314 1397 preltettdit
325 1364 458 1398 sapientes
473 1363 497 1390 in
512 1363 628 1397 ipsorum
640 1362 734 1389 astutia
747 1361 790 1397 (l.
803 1360 861 1389 Cor.
874 1362 900 1388 5.
915 1359 964 1393 i9;

173 1408 222 1435 Job
236 1409 263 1435 5.
282 1407 344 1443 15).
371 1409 490 1442 protinus
506 1409 569 1442 ipsis
590 1407 665 1435 factis
687 1408 831 1435 declaravit
851 1407 901 1439 illi,
918 1406 963 1434 Dei

171 1454 308 1481 decretum
330 1454 456 1481 omnibus
478 1461 538 1481 eSse
564 1453 719 1488 potentius,
741 1453 880 1488 validaque
905 1460 964 1480 esse

170 1507 250 1534 opera
266 1507 420 1526 sertttontun
446 1499 501 1526 Dei.
526 1499 591 1526 Nam
614 1499 693 1526 simul
715 1504 795 1533 atque
818 1502 965 1526 tenuissent

170 1545 240 1572 ltnnc
252 1546 361 1580 impium
370 1550 502 1577 (enatum,
517 1546 660 1579 coepissent
671 1545 770 1572 nudare
782 1545 962 1576 fundatnenta,

170 1592 278 1617 ttutttant
292 1597 389 1618 terrain
401 1591 597 1621 exltansissent,
608 1595 776 1624 restaretque
789 1595 817 1617 tit
825 1590 879 1625 jaut
891 1594 963 1617 stru-

168 1641 270 1661 c'uraut
286 1636 494 1669 aggrederentur
506 1646 512 1663 ς
527 1636 647 1670 protinus
660 1636 728 1669 ignis
740 1635 866 1663 cxsiliens
877 1643 892 1662 e
904 1635 964 1662 fun‘

169 1680 302 1707 dametttis
314 1679 416 1706 cxttssit
438 1679 545 1709 multos,
563 1679 678 1713 itemque
694 1677 793 1712 lapides
810 1685 842 1704 eo
863 1678 887 1704 itt
904 1678 963 1704 loco

169 1726 269 1760 positos
280 1746 287 1758 ,
304 1730 331 1752 et
347 1725 562 1759 intempestivam
587 1724 761 1759 pertinaciam
787 1724 927 1758 interrupit
943 1724 961 1749 '.

167 1772 220 1799 Nec
240 1772 325 1798 solum
340 1771 386 1805 qui
400 1771 474 1805 operi
490 1771 640 1803 instabant,
653 1770 700 1797 sed
715 1770 794 1797 etiam
809 1769 962 1797 JUdil'Ol'llm

169 1817 244 1845 multi
260 1821 371 1851 stupore
385 1823 416 1842 ac
431 1816 528 1842 rubore
549 1815 644 1850 repleti
666 1820 737 1842 suttt.
754 1816 854 1849 Quibus
866 1815 961 1842 auditis

165 1863 286 1890 Julianus
302 1863 460 1897 imperator,
473 1869 632 1896 quamquam
651 1865 722 1888 tanta
735 1862 842 1888 vesania
856 1861 961 1888 deditus

166 1913 223 1935 erat
245 1908 280 1934 illi
302 1909 418 1943 negotio,
437 1908 537 1934 veritus
561 1912 648 1934 tanien
672 1915 705 1934 tte
722 1907 788 1934 ultra
805 1903 960 1942 pt'ogrEssus

165 1955 191 1980 in
203 1961 278 1980 suum
294 1954 375 1987 ipsius
389 1957 468 1985 capttt
483 1953 569 1987 ignem
590 1957 749 1985 accerseret,
765 1953 867 1979 destitit.
875 1953 960 1980 victus

165 2007 225 2026 cum
242 2003 294 2025 tota
309 2004 397 2033 gente.
411 1996 443 2025 Et
458 2006 526 2025 ttttnc
538 1998 559 2025 si
572 1998 662 2025 venias
676 1998 881 2033 Jerusolyntatn,
896 2006 960 2025 con-

165 2045 262 2079 spicies
278 2044 347 2071 nuda
374 2043 545 2070 fundamenta
564 2053 570 2070 :
584 2044 654 2078 quod
670 2043 692 2070 si
711 2051 817 2070 causata
835 2051 957 2079 quaeras,

163 2099 217 2117 non
232 2091 309 2117 aliam
332 2098 410 2125 quant
435 2090 503 2116 hanc
525 2090 627 2117 audies.
646 2090 727 2124 Hujus
747 2090 786 2117 rei
801 2098 850 2117 nos
863 2098 958 2118 omnes

165 2141 247 2162 testes
261 2142 352 2162 sumus
368 2144 374 2161 :
392 2140 481 2162 nostra
494 2135 564 2162 ettint
581 2140 658 2162 aetate
669 2135 726 2163 haec
740 2143 792 2162 non
808 2136 843 2163 ita
855 2136 957 2171 pridem

163 2182 326 2209 acciderunt.
343 2181 401 2209 iam
422 2182 561 2209 considera
585 2182 723 2210 victoriam
743 2183 883 2218 insignem.
899 2183 956 2210 Non

163 2228 234 2255 enim
255 2228 305 2254 ltoe
323 2227 419 2255 accidit
433 2227 482 2254 sub
497 2227 547 2262 piis
562 2227 777 2262 ltnperatoribus,
792 2237 841 2256 nec
859 2229 903 2264 qui
914 2229 957 2256 di-

162 2281 224 2300 cere
246 2273 358 2308 possint,
378 2273 543 2300 Christianos
563 2280 630 2308 opus
651 2273 741 2306 perlici
761 2275 894 2307 vetuisse;
909 2275 956 2303 sed

164 2325 218 2345 lttm
233 2326 292 2345 cum
308 2326 350 2345 res
365 2323 462 2345 nostra:
484 2323 574 2346 essent
597 2319 712 2352 aiﬁiclzc,
733 2327 793 2347 cum
809 2329 903 2348 omnes
923 2322 957 2349 de

162 2368 215 2390 vita
228 2364 447 2397 periclitaremnr,
459 2371 519 2391 cum
530 2365 617 2391 omnis
628 2365 737 2392 libertas
751 2371 822 2393 esset
834 2366 938 2394 sublata
947 2388 955 2400 ,

162 2417 223 2436 cum
238 2408 346 2436 floreret
362 2410 547 2444 paganismus,
563 2417 623 2437 cum
639 2410 730 2438 ﬁdeles
742 2411 788 2438 alii
806 2412 912 2447 quidem
930 2414 955 2440 itt

163 2456 265 2484 rudibus
283 2456 338 2483 suis
358 2457 502 2489 latitarent,
525 2457 568 2484 alii
586 2465 648 2485 vero
659 2458 684 2484 in
700 2458 855 2486 solitudines
868 2459 954 2487 derui—

162 2508 280 2538 grarent,
305 2502 414 2538 {oraque
429 2504 560 2539 fugerent,
584 2510 637 2531 tum
659 2504 765 2532 deruunt
780 2505 836 2533 haec
849 2507 955 2535 accide-

162 2555 234 2581 runt,
260 2557 293 2576 ne
308 2557 358 2584 qua
371 2555 482 2578 restaret
496 2551 547 2578 illis
563 2551 733 2586 impudentia:
754 2554 869 2580 occasio.

199 2596 243 2623 ‘12.
259 2595 380 2622 Etiamne
393 2595 480 2623 adttnc
492 2596 607 2629 dubitas,
624 2596 725 2630 Judzee,
736 2605 796 2625 cuin
811 2599 955 2635 perspicias

161 2647 189 2670 et
204 2651 237 2670 ex
253 2642 350 2669 Christi
367 2642 548 2677 praedictione,
564 2647 591 2670 et
608 2650 644 2670 ex
661 2643 850 2679 propltctarttm
864 2646 956 2674 vatici-

163 2691 225 2723 niis,
242 2694 269 2717 et
288 2697 321 2717 ex
342 2690 458 2724 ipsarum
478 2697 566 2716 rerum
589 2690 817 2719 demonstratione
837 2693 956 2720 testiino-

163 2739 235 2766 nium
250 2741 341 2765 contra
357 2741 382 2764 te
395 2736 479 2763 ferri?
493 2736 590 2763 Verum
605 2737 671 2764 nihil
684 2738 778 2765 mirum
796 2743 847 2766 est.
862 2739 954 2767 Istius-

162 2784 236 2812 modi
266 2784 363 2819 quippe
392 2782 441 2810 fuit
465 2786 509 2809 ttta
534 2782 624 2814 natio,
645 2783 679 2810 ab
705 2784 780 2811 initio
805 2784 905 2812 eﬁ'rons
928 2791 954 2813 et

195 2833 204 2848 ¹
217 2832 258 2856 ltic
280 2830 389 2862 quaedam
400 2830 490 2855 desunt
511 2831 536 2854 in
553 2834 606 2855 Mss.
619 2829 723 2886 aliquot,
737 2838 792 2863 quin
803 2831 918 2864 leguntur
930 2833 954 2857 in

195 2862 256 2886 iret”
266 2861 334 2886 savii.
344 2866 370 2886 et
379 2861 440 2886 aliis.
452 2865 560 2886 ttetneue
569 2861 614 2886 aha
625 2868 662 2886 ma
673 2869 687 2886 e
698 2863 796 2886 inserta.
807 2863 954 2886 reclamante

164 2862 256 2891 tterel.,
266 2861 334 2887 savii.
344 2866 370 2887 et
379 2861 440 2887 aliis.
452 2865 560 2893 Itemque
569 2861 614 2886 aha
625 2861 687 2886 male
698 2861 796 2891 inserta,
807 2861 954 2889 re'clamante

163 2893 242 2918 Savilii
255 2893 361 2918 tuditione
377 2893 536 2924 omnibusque
553 2896 616 2923 Mss.,
629 2896 749 2923 exptnicta
760 2897 824 2919 sunt.

1764 157 1817 184 an!

1024 213 1166 247 pervicax,
1189 219 1347 247 sempr-tque
1373 212 1450 239 rebus
1479 213 1649 241 evidentibus
1666 221 1815 249 repugnare

1021 259 1108 286 solita.
1126 259 1171 285 Vis
1183 263 1208 285 ttt
1221 263 1247 285 et
1260 259 1327 286 alios
1343 259 1486 293 prophetas
1500 260 1525 286 in
1541 265 1565 287 te
1580 267 1692 293 arntem,
1707 261 1751 295 qui
1766 261 1816 288 hoc

1022 304 1107 338 ipsum
1121 309 1212 338 aperte
1224 303 1325 335 diettut,
1338 304 1452 331 futurum
1465 309 1494 332 ut
1505 311 1592 333 vestra
1607 305 1686 333 ﬁttent
1700 306 1816 334 sortian-

1022 355 1074 383 tur,
1092 355 1183 377 ttostra
1193 355 1286 377 contra
1293 349 1464 379 ellloreseant
1474 360 1481 385 ς
1490 355 1597 386 totoque
1609 356 1738 379 terrarum
1751 353 1817 380 orbe

1023 401 1180 431 propagetur
1187 395 1284 423 Christi
1303 396 1474 431 pricconium,
1485 397 1609 430 aliudque
1624 398 1816 425 sacriﬁciorum

1021 449 1105 477 genus
1120 442 1268 473 inducatur,
1284 443 1316 469 iis
1328 450 1387 477 quae
1402 443 1470 478 apud
1487 451 1533 469 vos
1545 443 1650 471 fuerunt
1662 445 1818 480 abrogatis?

1022 489 1088 515 Audi
1104 489 1182 523 igitur
1196 488 1363 521 Malacltiatu,
1379 489 1421 523 qui
1438 489 1542 516 caeteris
1558 490 1693 524 prophetis
1705 490 1754 518 fuit
1772 499 1818 526 po—

1020 534 1117 561 sterior
1131 543 1138 561 :
1154 534 1270 560 uondunt
1292 534 1362 561 ettim
1388 534 1460 561 Isaia:
1484 540 1528 561 aut
1548 535 1672 563 Jcretnite
1698 536 1817 570 produn.

1022 581 1203 608 testimonium
1217 602 1224 613 ,
1242 589 1328 616 neque
1342 581 1496 616 cujusquam
1517 582 1628 608 aliorum
1644 582 1688 616 qui
1703 590 1816 616 prasces-

1020 630 1114 652 serunt
1141 626 1301 661 captivitatis
1326 631 1447 661 tempus,
1475 634 1509 653 tte
1531 626 1620 654 dicere
1646 628 1731 661 possis
1759 629 1816 655 iure

1021 671 1101 702 mala,
1117 678 1177 705 qua:
1191 671 1383 706 praedixerunt,
1396 671 1525 699 accidisse
1541 672 1565 698 in
1580 673 1731 706 captivitate
1746 682 1752 700 :
1768 674 1815 700 sed

1020 716 1123 743 adduco
1139 717 1307 751 prophetam,
1321 718 1364 752 qui
1375 718 1422 744 fuit
1434 723 1492 752 post
1503 718 1615 745 reditum
1627 727 1658 746 ex
1668 719 1813 754 Babylone,

1020 769 1050 788 ac
1065 766 1123 795 post
1138 762 1252 788 civitatis
1268 763 1497 796 instaurationem,
1520 765 1604 798 deque
1619 765 1698 791 rebus
1719 765 1814 791 vestris

1019 811 1110 841 aperte
1131 807 1288 834 vaticinatus
1301 812 1351 834 est.

1056 852 1119 879 Post
1139 853 1310 887 captivitatem
1319 852 1502 888 Babylonicum
1528 854 1669 882 illnlucltias
1688 855 1812 883 Christia-

1019 907 1079 925 num
1094 899 1189 925 cultum
1211 899 1383 933 pt'wdixit.—~
1395 900 1497 926 Etenim
1516 905 1654 935 postquam
1673 902 1814 929 rediissem

1019 952 1051 971 ac
1067 945 1188 971 restituta
1202 946 1310 973 civitate
1334 946 1462 980 templum
1485 947 1692 980 exstruxissent,
1709 948 1812 974 sacriﬁ-

1019 991 1113 1024 ciaque
1138 991 1305 1026 peregissent
1326 1000 1332 1018 :
1354 992 1422 1019 hanc
1441 998 1602 1026 pricSeutem
1619 993 1811 1021 desolationem

1019 1036 1184 1070 prtedicens,
1203 1037 1371 1072 futuramque
1398 1038 1588 1065 sacriﬁciorum
1617 1039 1810 1071 sublationem,

1019 1081 1070 1109 hoc
1083 1087 1159 1116 pacto
1171 1090 1203 1109 ex
1215 1090 1328 1117 persona
1343 1083 1389 1110 Dei
1407 1083 1522 1118 loquitur
1539 1084 1681 1112 Malacltias
1694 1096 1701 1112 :
1716 1085 1747 1113 Si
1767 1095 1812 1113 ac-

1018 1128 1111 1162 cipiam
1122 1128 1200 1162 facies
1213 1134 1307 1154 vestras
1316 1149 1323 1162 ,
1339 1128 1400 1154 dicit
1423 1128 1547 1156 Dominus
1567 1130 1724 1165 onmipotens
1733 1151 1740 1164 ,
1751 1139 1813 1166 quo-

1019 1173 1086 1199 niam
1109 1173 1140 1199 ab
1159 1179 1217 1200 ortu
1240 1174 1301 1200 solis
1325 1182 1403 1208 usque
1426 1174 1459 1200 ad
1478 1183 1594 1202 accusant
1617 1184 1708 1203 nomen
1730 1185 1812 1204 meum

1017 1219 1187 1254 glad/iculum
1198 1225 1234 1246 est
1247 1220 1312 1246 inter
1322 1225 1408 1255 gentes
1418 1240 1425 1253 ,
1441 1225 1463 1246 et
1484 1221 1511 1247 in
1523 1222 1592 1248 οηιηί
1614 1222 1668 1249 loco
1683 1223 1810 1251 incensum

1018 1265 1123 1298 οΙΪει-ιιιν
1137 1266 1232 1292 nomini
1248 1274 1301 1292 meo
1311 1286 1318 1296 .
1333 1271 1355 1293 et
1376 1267 1529 1300 sacriﬁcium
1544 1276 1645 1302 purum.
1668 1268 1716 1296 Vos
1729 1276 1810 1297 anteiit

1018 1311 1172 1345 profanastis
1187 1311 1252 1338 illud
1262 1311 1340 1346 (Μαι.
1353 1313 1378 1339 1.
1390 1312 1445 1348 il).
1455 1313 1567 1346 Quando
1580 1313 1637 1341 haec
1652 1321 1808 1349 evenerunt,

1017 1355 1127 1383 Judiee?
1141 1356 1253 1390 Quando
1277 1357 1304 1384 in
1321 1358 1394 1384 outni
1410 1358 1470 1385 loco
1485 1359 1623 1387 incensum
1638 1360 1757 1389 oblatum
1771 1368 1812 1389 est

1018 1401 1092 1428 Deo?
1116 1401 1228 1434 Quando
1248 1402 1409 1430 sacriﬁciuttt
1433 1405 1548 1438 purutn?
1570 1405 1627 1432 Non
1641 1407 1726 1440 possis
1739 1407 1810 1435 aliud

1018 1447 1136 1481 proferre
1157 1452 1275 1483 tempus,
1301 1457 1380 1483 quam
1400 1449 1470 1483 hoc,
1493 1455 1666 1487 posteaquam
1688 1453 1810 1482 Christus

1016 1494 1133 1522 advenit.
1152 1494 1227 1528 Quod
1241 1496 1291 1522 nisi
1305 1496 1338 1523 de
1352 1496 1404 1524 hoc
1422 1501 1542 1533 tempore
1555 1499 1686 1534 pra-dixit,
1712 1503 1762 1530 nisi
1776 1503 1810 1531 de

1018 1545 1109 1567 nostro
1117 1540 1247 1568 sacriﬁcio
1259 1542 1419 1570 vaticinatus
1429 1548 1481 1577 est,
1495 1544 1543 1571 sed
1553 1545 1586 1572 de
1596 1545 1716 1580 Judaico,
1728 1549 1807 1576 etiam

1022 1585 1072 1620 legi
1091 1590 1225 1621 repugnat
1242 1588 1393 1622 prophetia.
1407 1588 1473 1616 Nam
1492 1597 1554 1616 cttrn
1571 1589 1659 1618 Moses
1670 1594 1742 1617 vetet
1754 1591 1809 1617 ullo

1020 1630 1074 1656 alio
1083 1631 1109 1657 iit
1119 1631 1181 1658 loco
1188 1633 1353 1660 sacriﬁcium
1364 1634 1433 1666 ﬁeri,
1441 1640 1621 1670 praeterquam
1632 1636 1658 1662 in
1669 1643 1712 1669 eo,
1727 1644 1808 1671 quem

1019 1673 1101 1709 elegit
1114 1674 1246 1705 Dominus
1262 1677 1334 1706 Detts
1347 1679 1575 1717 (Deut.i6.5.6),
1585 1690 1702 1717 cumque
1721 1683 1766 1711 ille
1780 1684 1806 1711 in

1015 1728 1095 1748 unum
1112 1722 1201 1749 locum
1215 1723 1346 1751 sacriﬁcia
1360 1725 1404 1752 illa
1418 1727 1589 1761 concluserit,
1601 1736 1666 1757 sane
1679 1731 1808 1766 propheta

1014 1767 1117 1800 dicens,
1138 1769 1208 1802 quod
1228 1769 1253 1796 itt
1267 1770 1340 1797 omni
1355 1770 1414 1798 loco
1430 1772 1566 1800 incensum
1583 1774 1743 1803 adolendum
1757 1777 1805 1810 sit,

1014 1821 1046 1840 ac
1059 1815 1217 1842 sacrificium
1237 1824 1351 1851 purum,
1368 1818 1526 1847 adversatur
1536 1829 1566 1848 ac
1587 1828 1717 1858 repugnat
1730 1824 1806 1852 Mosi.

1017 1859 1114 1886 Verum
1136 1861 1208 1888 nulla
1229 1867 1270 1889 est
1292 1863 1361 1890 inter
1374 1864 1434 1892 illos
1447 1873 1533 1900 pugna
1544 1887 1552 1900 ,
1567 1875 1652 1902 tteque
1664 1869 1806 1898 dissensio.

1014 1906 1060 1933 Ille
1071 1907 1104 1934 de
1117 1908 1170 1934 alio
1185 1908 1309 1943 loquutus
1322 1914 1362 1936 est
1376 1911 1507 1938 sacriﬁcio
1520 1933 1527 1945 ,
1545 1919 1572 1940 et
1585 1914 1627 1941 ltie
1640 1915 1673 1942 de
1683 1916 1735 1942 alio
1747 1923 1809 1951 post

1014 1953 1170 1980 vaticinatus
1180 1961 1229 1996 est.
1248 1954 1322 1982 Unde
1336 1955 1386 1983 hoc
1401 1957 1565 1985 declaratur?
1580 1959 1646 1986 Tum
1661 1969 1693 1987 ex
1705 1962 1736 1989 iis
1748 1970 1807 1997 qua:

1013 1998 1083 2025 dicta
1103 2005 1175 2031 sunt,
1194 2004 1248 2026 tuttt
1263 2008 1296 2027 ex
1310 2001 1369 2028 aliis
1383 2003 1504 2036 plurimis
1524 2006 1619 2039 signis.
1640 2007 1679 2034 Ac
1692 2009 1806 2042 prittutttt

1012 2053 1044 2073 ex
1060 2046 1119 2080 ipso
1131 2048 1189 2074 loco
1205 2055 1212 2074 :
1228 2055 1280 2074 non
1294 2049 1365 2075 enim
1388 2049 1413 2076 itt
1429 2057 1480 2077 una
1501 2052 1618 2085 civitate,
1633 2058 1806 2088 quemadmo-

1012 2093 1074 2120 dum
1087 2093 1137 2121 sub
1151 2093 1260 2128 Judazis,
1288 2095 1335 2122 sed
1360 2095 1391 2121 ab
1405 2101 1464 2123 ortu
1480 2097 1541 2124 solis
1554 2106 1632 2134 usque
1645 2100 1680 2126 ad
1689 2110 1805 2130 occasum

1012 2140 1134 2173 prmdlxit.
1148 2141 1216 2168 hanc
1229 2141 1358 2169 culturam
1380 2150 1440 2170 esse
1460 2144 1656 2173 celebrandam.
1673 2147 1806 2177 Praeterea

1011 2193 1042 2212 ex
1059 2186 1182 2214 sacriﬁcii
1195 2187 1293 2220 modo,
1316 2188 1445 2223 siquidem
1466 2198 1558 2224 purum
1574 2191 1637 2219 illud
1652 2194 1804 2228 appellans,

1011 2231 1159 2259 declaravit
1181 2231 1215 2260 de
1240 2241 1293 2268 quo
1312 2234 1476 2269 loqueretur.
1496 2236 1615 2272 Denique
1642 2247 1657 2265 a
1684 2242 1806 2274 personis

1011 2279 1189 2307 oﬁ‘erentium.
1205 2280 1261 2307 Non
1270 2281 1340 2308 enim
1352 2281 1427 2314 dixit,
1441 2282 1467 2309 in
1477 2282 1568 2316 Israel,
1583 2285 1629 2312 sed
1641 2286 1667 2312 in
1679 2288 1804 2321 gentibus.

1011 2327 1049 2354 Ac
1064 2335 1097 2354 tte
1113 2333 1218 2362 putares
1231 2328 1302 2362 quod
1317 2329 1342 2354 itt
1358 2337 1408 2355 una
1431 2329 1567 2358 duabusve
1581 2337 1628 2359 aut
1641 2333 1725 2360 tribus
1737 2335 1804 2362 civi-

1011 2374 1109 2400 tatibus
1122 2373 1172 2401 ltoc
1185 2375 1297 2401 cultura:
1315 2382 1399 2409 genus
1423 2375 1624 2405 instaurandum
1645 2385 1735 2414 esset,
1753 2389 1805 2409 tton

1010 2420 1168 2455 simpliciter
1176 2420 1255 2452 dixit,
1268 2421 1294 2447 in
1304 2422 1376 2448 omni
1391 2421 1461 2455 loco,
1473 2423 1531 2455 sed,
1542 2423 1579 2449 Ab
1592 2430 1648 2451 ortu
1658 2426 1719 2453 solis
1728 2435 1806 2463 usque

1009 2468 1043 2493 ad
1056 2474 1172 2494 occasum
1193 2475 1203 2493 :
1217 2467 1404 2495 dentonstrans
1421 2469 1490 2503 quod
1506 2476 1633 2504 quantum
1658 2477 1736 2499 terra:
1764 2475 1803 2501 sol

1009 2513 1113 2547 aspicit,
1135 2512 1299 2540 tantumdem
1318 2513 1492 2548 Evangelium
1516 2520 1587 2542 esset
1600 2523 1802 2551 occupaturum.

1013 2558 1109 2585 Pumm
1123 2563 1211 2586 autem
1223 2559 1287 2587 dicit
1301 2560 1459 2587 sacriﬁciqu
1473 2580 1479 2592 ,
1495 2561 1568 2595 quasi
1583 2562 1656 2596 prius
1666 2564 1729 2591 illud
1740 2564 1803 2593 fuis-

1009 2611 1051 2633 set
1064 2606 1207 2640 impurum,
1225 2606 1394 2640 ttortquidetn
1408 2612 1499 2641 suapte
1511 2613 1615 2641 natura,
1635 2609 1682 2636 sed
1707 2611 1801 2639 volun-

1010 2657 1064 2681 tate
1078 2653 1246 2680 oﬁ'erentiunt
1262 2661 1268 2679 :
1283 2657 1311 2679 et
1323 2653 1383 2680 ideo
1394 2653 1461 2681 dixit
1477 2663 1483 2681 :
1499 2654 1635 2682 lncmtsum
1649 2658 1803 2686 abantinatio

1009 2705 1045 2727 est
1058 2700 1119 2727 mihi
1134 2701 1144 2734 (
1157 2699 1220 2726 hui.
1236 2700 1260 2727 1.
1278 2700 1343 2735 15).
1362 2701 1526 2735 Quamquam
1542 2707 1568 2729 et
1586 2703 1685 2739 alioqui
1705 2706 1727 2732 si
1743 2706 1803 2740 quis

1009 2748 1094 2782 ipsum
1117 2746 1167 2774 hoc
1183 2745 1342 2774 sacriﬁcium
1356 2746 1475 2774 conferat
1487 2754 1548 2774 cum
1563 2747 1609 2776 illo
1622 2769 1630 2782 ,
1645 2749 1739 2785 ingens
1752 2751 1802 2779 im-

1009 2801 1183 2829 mensumque
1204 2792 1346 2820 discrimen
1371 2793 1499 2827 inveniet,
1524 2798 1553 2821 ut
1575 2794 1648 2829 juxta
1663 2804 1802 2833 compara-

1009 2839 1089 2867 tionis
1115 2839 1245 2867 rationem
1273 2840 1360 2866 solutn
1386 2839 1436 2866 ltoc
1460 2848 1554 2875 purum
1579 2840 1632 2868 dici
1656 2848 1801 2871 mereatur.

1011 2887 1138 2922 Quodque
1154 2888 1186 2915 de
1197 2887 1254 2922 lege
1267 2887 1382 2922 etgratia
1394 2887 1458 2914 dixit
1467 2888 1573 2920 Paulus,
1585 2896 1618 2915 ne
1626 2889 1801 2924 gloriﬁcatunt
