2043 3116
255 166 306 194 003

255 224 362 258 quidem
377 223 434 253 fuit,
449 223 519 257 quod
533 227 590 249 erat
603 221 790 255 gluriﬁcalum,
805 222 914 254 propter
926 219 1048 246 eminen-

256 274 309 297 tem
331 269 441 304 gloriam
466 268 508 303 (‘2.
522 266 580 294 Cor.
595 267 621 294 5.
638 265 689 301 10)
704 274 711 293 :
728 265 796 292 idem
819 269 846 292 ct
870 265 912 292 hic
936 264 1048 292 ﬁdenter

255 316 411 346 dixerimus,
425 313 546 341 videlicet
558 313 608 340 hoc
619 312 777 340 sacriﬁcium
787 319 848 339 cum
863 312 908 338 illo
921 311 1046 339 collatum

253 362 339 389 solum
355 360 406 388 dici
429 360 527 387 debere
551 367 655 394 purum.
681 358 738 387 Non
752 358 822 386 enim
838 366 885 393 per
900 358 1000 385 fumum
1016 365 1047 385 ac

254 407 391 439 nidorem,
406 414 457 433 non
472 413 518 441 per
533 405 688 439 sanguinem
701 412 731 432 ac
745 404 936 440 redemptionis
949 403 1045 439 pretia,

252 453 299 480 sed
313 460 360 487 per
373 452 486 487 Spiritus
499 452 609 486 gratiam
623 450 741 478 offertur.
755 450 821 477 Audi
833 451 912 485 igitur
921 454 948 476 ct
963 449 1044 476 alium

253 497 409 532 prophetam
431 496 482 524 hoc
502 497 571 523 idem
586 496 772 531 pra‘dicentem
785 516 793 528 ,
809 495 877 530 quod
894 494 941 521 Dei
960 494 1045 521 cultus

253 551 305 571 nou
319 543 578 571 eircumscribeudus
593 547 664 570 esset
687 543 745 570 loco
758 563 764 574 ,
787 541 833 569 sed
853 542 938 576 ipsum
952 547 1046 568 omnes

251 590 378 625 deinceps
392 590 512 617 homines
525 595 615 617 essent
629 589 770 624 cognituri.
796 588 943 623 Sophonias
956 594 1044 614 autem

251 635 284 663 ad
299 637 368 663 hunc
382 636 490 663 modum
511 636 627 671 loquitur
643 645 649 662 :
666 635 803 670 Apparebit
824 640 907 662 autem
922 634 1045 661 Dominus

247 691 327 717 super
342 691 427 709 omnes
451 687 552 717 gentes,
573 687 598 709 et
621 681 727 709 abolebit
740 689 826 708 omnes
846 680 906 707 deos
920 680 1040 715 gentium,

251 733 274 753 et
294 728 436 754 adorabunt
456 727 528 754 illum
541 736 554 754 e
568 736 613 754 suo
632 727 737 762 quisque
755 727 810 754 loco
832 725 926 762 (Sop/t.
941 725 968 752 ‘2.
987 725 1043 760 il).

251 773 329 807 Atqui
344 781 395 800 nou
409 773 567 808 permissum
583 773 633 800 hoc
646 773 704 804 fuit,
720 772 766 799 sed
779 772 865 798 Moses
877 779 929 798 uno
941 771 966 798 in
983 771 1042 798 loco

248 818 394 845 sacrificari
417 819 506 853 jussit.
537 818 603 846 Cum
629 818 708 852 igitur
725 817 816 844 audias
830 816 974 851 prophetas
993 816 1043 843 hoc

251 863 425 897 pra-dicentes
439 871 470 891 ac
484 863 659 890 vaticinantes
669 884 676 894 ,
691 862 760 897 quod
775 870 826 889 non
847 862 872 889 in
885 869 963 889 unam
979 862 1043 888 civi-

255 913 347 942 tatem,
363 917 450 944 neque
462 909 488 936 in
503 917 583 936 unum
599 910 687 937 lOcum
701 908 876 944 compellendi
889 909 943 935 sint
959 907 1044 935 homi-

249 962 307 987 nes,
322 955 369 982 scd
379 963 434 983 sum
445 955 556 990 quisque
569 955 640 982 domi
655 955 751 982 sedens
760 954 794 982 sit
803 954 922 982 culturus
938 954 1022 982 Deum
1035 959 1041 976 τ

248 1000 318 1033 quod
329 1000 400 1027 aliud
414 1001 500 1036 possis
513 1000 607 1028 afferre
619 1005 723 1035 tempus
737 1007 815 1035 quam
836 1000 887 1027 hoc
904 999 1042 1035 prznsens?

250 1045 317 1072 Audi
338 1053 403 1073 sane
424 1055 477 1081 quo
500 1051 578 1081 pacto
598 1051 624 1073 et
648 1046 790 1081 Evangelia
806 1050 833 1074 et
854 1046 1041 1081 apostolicum

248 1090 387 1125 prophetia
396 1091 566 1119 concordent.
583 1092 631 1119 Hic
641 1091 707 1118 dixit
723 1100 730 1118 :
743 1091 881 1127 Apparebit
895 1091 1041 1122 Dominus;

247 1137 390 1171 Apostolus
403 1137 440 1164 ait
455 1146 460 1164 :
477 1137 604 1172 Apparuit
621 1138 704 1173 gratia
722 1137 771 1164 Dei
789 1137 909 1164 salutaris
927 1137 1042 1164 omnibus

247 1183 408 1217 hominibus,
429 1184 544 1210 erudiens
558 1191 619 1216 nos;
643 1183 685 1211 hic
704 1183 807 1218 inquit,
829 1183 913 1218 Super
932 1187 1040 1217 gentes:

247 1227 306 1260 ille,
328 1228 413 1263 Super
430 1236 516 1255 omne:
530 1228 665 1262 homines;
685 1228 728 1255 hic
744 1228 812 1255 dixit
828 1237 835 1256 ς
849 1228 962 1255 Abalebit
981 1228 1041 1254 deos

246 1281 340 1304 eorum,
356 1273 410 1306 ille,
425 1273 551 1301 Erudiens
565 1282 622 1308 nos,
636 1279 662 1300 ut
677 1274 827 1309 obnegantes
841 1273 994 1308 impietatem
1009 1281 1039 1299 ac

245 1320 379 1347 seculuria
391 1320 529 1353 desideria,
551 1321 632 1348 sobrie
643 1325 666 1347 et
679 1321 750 1356 juste
763 1325 786 1347 et
796 1321 836 1356 pie
848 1321 960 1347 vivamus
973 1319 1038 1355 (Tit.

245 1366 272 1393 2.
298 1367 358 1402 Η).
385 1367 485 1395 Rursus
509 1367 632 1395 Christus
655 1367 828 1394 Samarltaua:
851 1367 940 1394 dixit:
961 1366 1040 1394 Crede

245 1413 325 1444 mihi,
347 1413 452 1446 mulier,
474 1414 535 1448 quia
554 1414 620 1440 venit
642 1413 722 1446 hora,
743 1413 844 1447 quando
857 1421 902 1440 nec
915 1413 942 1440 in
956 1418 1039 1440 ntoute

246 1458 310 1491 hoc,
330 1466 374 1485 nec
392 1458 558 1494 .Ierosolymis
580 1458 717 1485 adorabtlis
736 1458 850 1487 Patrem.
875 1458 987 1494 Spiritus
1000 1463 1036 1485 est

245 1502 332 1536 Deus;
351 1507 375 1530 et
389 1503 432 1538 qui
441 1511 499 1530 eum
513 1503 631 1536 adorant,
645 1504 672 1531 in
687 1504 777 1539 spiritu
791 1509 814 1529 et
827 1504 929 1531 veritate
939 1508 1038 1538 oportet

244 1548 351 1576 odorare
363 1548 454 1584 (Joan.
468 1549 494 1576 4.
509 1548 566 1584 21).
593 1549 654 1577 llznc
667 1554 756 1576 autem
778 1549 882 1577 dicebat
892 1570 899 1582 ,
915 1548 992 1576 simul
1008 1553 1035 1576 ct

629 164 657 191 S.
678 162 816 191 JO\NNIS
835 159 1074 189 CllllYSOSTOMI
1096 159 1255 189 ABCIIIEP.
1276 160 1538 189 CONSTANTINOP.

1843 161 1896 188 9N

1102 219 1286 246 necessitatem
1301 219 1397 246 tollens
1409 218 1567 245 observandi
1583 218 1650 251 loci,
1671 222 1698 246 et
1708 219 1796 246 cultus
1809 221 1896 246 subli-

1101 265 1169 292 mius
1185 266 1320 299 magisque
1332 265 1470 299 spirituale
1482 272 1566 299 genus
1580 264 1718 292 inducens.
1738 265 1775 292 Ex
1791 265 1833 292 his
1847 266 1896 300 igi-

1101 315 1144 338 tur
1165 318 1271 338 rursum
1294 316 1399 346 poterat
1418 310 1616 343 demonstrari,
1643 316 1702 346 post
1725 311 1783 338 hmc
1807 319 1897 346 neque

1100 356 1246 389 sacriﬁcia,
1272 364 1358 391 neque
1377 357 1572 387 sacrrdotium,
1599 364 1685 392 neque
1708 364 1798 391 regem
1821 357 1893 392 apud

1099 402 1205 430 Judaros
1221 402 1335 429 futurum
1349 410 1419 429 esse.
1434 402 1499 429 Nam
1510 410 1556 436 per
1570 402 1642 428 urbis
1657 404 1822 429 eversionem
1836 403 1895 430 haec

1099 448 1187 475 Omnia
1203 448 1368 483 potissimum
1382 448 1460 474 simul
1475 448 1583 483 probata
1597 453 1668 475 sunt.
1684 449 1804 476 Attamen
1819 454 1897 484 pote-

1099 501 1188 522 ramus
1201 499 1227 521 et
1247 493 1391 529 prophetas
1412 494 1546 528 allegare,
1567 494 1612 529 qui
1633 494 1684 522 hoc
1705 503 1833 529 expresse
1855 496 1895 522 lo-

1098 547 1215 577 quuntur
1231 551 1237 569 :
1252 542 1299 569 sed
1319 542 1397 570 video
1415 550 1464 570 vos
1479 542 1607 570 orationis
1621 542 1784 577 longitudine
1799 542 1894 577 fatiga-

1099 593 1157 620 tos,
1185 596 1332 624 vereorque
1357 597 1390 617 ne
1417 590 1512 616 frustra
1537 594 1690 623 temereque
1715 589 1806 615 videar
1831 596 1895 616 esse

1098 635 1236 662 molestus.
1252 635 1418 671 Quapropter
1430 635 1563 670 pollicitus
1575 642 1619 662 me
1633 634 1690 662 haec
1704 634 1757 661 alio
1771 639 1893 668 tempore

1097 681 1279 708 absoluturum
1293 702 1300 714 ,
1327 682 1390 709 illud
1409 682 1515 709 interim
1537 682 1637 716 rogabo
1651 689 1697 709 vos
1710 703 1717 714 ,
1742 686 1772 708 ut
1794 683 1890 708 lratrcs

1097 732 1200 755 vestros
1221 728 1333 755 servolis
1345 749 1352 760 ,
1371 730 1406 757 ab
1423 736 1514 756 errore
1535 730 1666 756 revocetis
1677 749 1684 761 ,
1705 729 1738 756 ad
1751 729 1891 755 veritatem

1097 774 1240 802 reducatis,
1266 773 1333 801 Nihil
1348 775 1418 801 enim
1443 774 1571 809 profuerit
1594 775 1720 808 audisse,
1746 775 1795 801 nisi
1821 775 1890 801 facta

1096 819 1313 846 demonstrentur
1327 840 1334 851 ,
1348 827 1407 854 qu:e
1423 827 1482 847 cum
1497 820 1576 847 dictis
1591 820 1767 848 consentiant.
1784 820 1890 847 Etenim

1097 873 1156 900 qum.
1168 865 1237 893 dicta
1251 870 1311 893 sunt
1325 887 1331 898 ,
1347 873 1398 893 non
1412 871 1521 901 propter
1532 874 1578 894 vos
1593 866 1662 894 dicta
1677 871 1748 898 sunt,
1763 867 1809 893 sed
1824 874 1889 901 pro-

1097 917 1154 946 pter
1165 912 1225 939 illos
1238 912 1357 940 inﬁrmos
1372 921 1379 939 :
1396 917 1423 940 ut
1447 913 1483 940 illi
1507 918 1644 948 postquam
1665 914 1721 940 lure
1733 921 1748 940 a
1761 913 1835 940 vobis
1849 913 1892 939 di-

1095 958 1226 990 dicerint,
1248 963 1276 985 et
1297 966 1312 985 a
1336 966 1415 993 prava
1438 958 1630 986 consuetudine
1653 959 1752 986 fuerint
1769 958 1888 989 liberati,

1095 1005 1228 1032 sincerum
1255 1009 1281 1032 et
1306 1013 1461 1040 germanum
1488 1010 1615 1040 pra‘slent
1642 1004 1887 1037 Christianismum,

1095 1049 1247 1086 fugiantque
1259 1058 1352 1085 pravos
1362 1051 1513 1079 Iudaeorum
1524 1058 1682 1086 congressus
1690 1056 1715 1078 et
1727 1055 1888 1084 conventus,

1094 1098 1150 1124 sive
1161 1097 1204 1132 qui
1220 1097 1286 1124 ﬁunt
1299 1097 1325 1124 in
1336 1097 1442 1124 civitate
1453 1117 1461 1130 ,
1480 1098 1536 1124 sive
1550 1097 1597 1132 qui
1616 1097 1642 1124 in
1659 1097 1810 1128 suburbiis,
1826 1104 1890 1131 spe-

1094 1143 1184 1170 luncas
1197 1143 1346 1175 latronum,
1363 1143 1513 1170 dtemonum
1529 1143 1689 1170 habitacula.
1714 1142 1830 1170 Proinde
1851 1150 1886 1170 ne

1093 1187 1222 1216 deseratis
1244 1189 1350 1216 illorum
1373 1189 1485 1216 salutem
1498 1209 1505 1222 ,
1521 1189 1566 1216 sed
1582 1188 1722 1223 diligenter
1736 1189 1824 1216 omnia
1847 1188 1889 1215 fa-

1092 1234 1209 1267 cientes,
1235 1234 1300 1261 nihil
1323 1242 1375 1262 non
1399 1239 1552 1267 tentantes,
1578 1239 1694 1269 aegrotos
1713 1234 1832 1265 reducite
1851 1234 1887 1261 ad

1091 1279 1237 1314 Christum,
1254 1284 1282 1307 ut
1292 1284 1319 1307 et
1333 1279 1359 1307 in
1373 1279 1424 1307 hoc
1436 1280 1535 1307 szeculo
1547 1300 1554 1312 ,
1567 1283 1594 1306 et
1607 1280 1633 1306 in
1648 1279 1736 1306 futura
1748 1280 1800 1306 vita
1815 1280 1888 1306 reci-

1093 1325 1196 1361 piamus
1221 1326 1360 1361 pramium
1388 1325 1534 1353 benefactis
1559 1325 1657 1353 nostris
1683 1325 1760 1360 longe
1785 1325 1886 1359 majus,

1091 1373 1174 1408 gratia
1187 1377 1214 1400 et
1237 1373 1356 1400 bonitate
1375 1372 1479 1400 Domini
1502 1372 1587 1399 nostri
1602 1371 1664 1399 Jesu
1687 1371 1804 1404 Christi,
1826 1371 1888 1406 qui-

1090 1426 1150 1445 cum
1165 1423 1192 1446 et
1208 1426 1255 1453 per
1276 1426 1354 1453 quem
1374 1418 1444 1445 Patri
1459 1418 1543 1453 gloria
1558 1425 1609 1445 una
1623 1425 1685 1445 cum
1703 1421 1796 1444 sancto
1808 1421 1835 1444 et
1848 1417 1889 1443 vi-

1090 1463 1168 1491 viﬁco
1180 1463 1279 1498 Spiritu
1290 1484 1297 1497 ,
1315 1471 1385 1491 nunc
1397 1468 1423 1492 et
1436 1471 1558 1498 semper,
1571 1468 1598 1491 et
1610 1463 1635 1490 in
1654 1463 1751 1490 sarcula
1767 1462 1884 1489 saeculo-

1090 1516 1167 1542 rum,
1182 1509 1277 1536 Amen.

248 1661 309 1682 GU“
331 1661 497 1683 SUPEIUORI
520 1662 573 1682 DIE
596 1661 764 1683 PROLIXIUS
786 1660 1005 1682 DISSERUISSET
1022 1660 1181 1682 ADVERSUS
1193 1661 1331 1685 JUDROS,
1346 1661 1450 1684 ATQUE
1466 1661 1541 1680 HINC
1563 1658 1768 1679 “AHCEDINEM
1795 1657 1885 1679 VOCIS

705 1710 951 1737 CONTRAXISSET,
974 1709 1058 1731 EANC
1079 1708 1264 1730 ORATIONEM
1287 1708 1418 1730 HABUIT.

525 1825 624 1845 ORATIO
642 1826 740 1846 SEXTA.

280 1864 309 1890 1.
331 1863 424 1890 Bestia:
437 1863 523 1891 donec
541 1864 566 1890 in
584 1864 666 1899 sylvis
679 1868 799 1899 pascunt,
815 1863 927 1891 necdum
942 1871 1034 1898 pugna:

245 1908 372 1936 adversus
386 1908 507 1936 homines
528 1909 698 1941 adhibentur,
718 1909 837 1937 mitiores
857 1914 919 1936 sunt
938 1910 1040 1936 minus-

245 1961 296 1989 que
308 1962 385 1981 saeva:
397 1963 404 1987 ;
419 1962 511 1982 verum
527 1955 570 1982 ubi
584 1960 725 1983 venatores
749 1963 795 1983 eas
808 1959 899 1990 captas
915 1956 940 1982 in
954 1955 1037 1983 urbes

245 1999 413 2033 adduxerim,
424 2005 503 2034 atque
517 2000 632 2028 inclusas
651 2000 857 2031 exstimularint,
876 2004 904 2027 ut
920 2005 1038 2035 pugnent

247 2052 306 2071 cum
321 2044 352 2071 iis
371 2045 416 2079 qui
431 2044 524 2072 bestiis
547 2045 718 2080 objiciuntur,
733 2049 825 2080 postea
847 2045 978 2072 irruentes
994 2045 1038 2072 ubi

246 2095 353 2117 carnem
367 2089 584 2124 degustaverunt,
598 2095 625 2117 et
638 2090 793 2124 sanguinem
809 2090 953 2117 humanum
965 2090 1040 2118 bibe-

247 2139 317 2168 runt,
333 2143 385 2162 non
400 2135 477 2163 facile
490 2136 624 2162 abstinent
644 2143 657 2162 a
674 2136 770 2163 talibus
784 2135 882 2170 epulis,
897 2136 944 2163 sed
957 2136 1038 2163 multa

246 2187 306 2208 cum
321 2180 448 2209 aviditate
467 2181 500 2208 ad
521 2182 642 2209 eamdem
665 2181 810 2209 decurrunt
830 2189 961 2210 mensam.
985 2183 1039 2211 lloc

246 2233 312 2253 sane
327 2231 356 2254 et
373 2227 449 2254 nobis
465 2233 514 2254 usu
527 2227 609 2254 venit.
626 2227 768 2262 Postquam
783 2228 854 2254 enim
868 2236 928 2255 eum
941 2228 1039 2256 Iudaeis

247 2279 365 2307 pugnam
378 2273 556 2308 suscepimus,
568 2278 595 2301 et
608 2273 708 2308 impetu
721 2273 850 2301 adversus
865 2274 970 2301 illorum
987 2274 1036 2302 im-

248 2318 378 2353 pudentes
396 2319 621 2348 contradictiones
633 2319 713 2354 facto,
728 2320 845 2348 rationes
857 2320 962 2348 illorum
976 2321 1039 2349 sub—

248 2364 386 2397 vertimus,
395 2372 555 2400 omnemque
567 2365 750 2393 celsitudinem
764 2366 908 2401 erigentem
920 2375 979 2394 sese
992 2367 1041 2394 ad-

248 2417 342 2437 versus
365 2411 543 2445 cognitionem
573 2412 636 2443 Dei,
664 2417 691 2439 et
718 2413 893 2447 cogitationes
921 2413 1038 2448 captivas

248 2456 372 2484 duximus
386 2457 418 2484 ad
433 2457 577 2492 parendum
592 2457 699 2485 Christo
715 2458 752 2493 (2.
769 2458 826 2485 Cor.
843 2459 886 2486 10.
898 2459 938 2492 5),
955 2459 1039 2493 major

247 2502 329 2530 etiam
342 2509 391 2529 nos
402 2503 473 2537 cepit
487 2503 615 2530 adversus
629 2503 688 2530 illos
701 2503 815 2531 bellandi
830 2504 970 2539 cupiditas.
985 2504 1037 2532 Sed

247 2548 309 2583 quid
325 2548 438 2576 faciam?
452 2548 552 2577 Videtis
575 2549 638 2576 mihi
655 2557 748 2577 vocem
764 2550 859 2577 factam
882 2549 1037 2577 imbecillio-

247 2601 315 2626 rem,
326 2601 385 2628 quae
398 2598 478 2621 tanta:
496 2596 628 2622 sermonis
642 2602 746 2622 rursum
761 2595 903 2630 prolixitati
919 2602 966 2630 par
978 2602 1038 2622 esse

247 2649 299 2668 non
315 2641 407 2675 possit,
421 2641 544 2676 idemque
558 2641 622 2668 mihi
635 2649 704 2669 nunc
717 2641 847 2675 accidere,
860 2642 935 2678 quasi
946 2642 967 2669 si
978 2642 1037 2677 quis

247 2687 325 2714 miles
339 2687 454 2714 concisis
467 2687 567 2722 aliquot
586 2695 619 2715 ex
640 2687 771 2721 hostibus,
787 2695 937 2723 magnoque
948 2688 1037 2715 animo

247 2731 423 2766 impressione
446 2732 514 2760 facta
540 2733 566 2760 in
589 2733 703 2761 hostium
725 2734 914 2761 condensatam
940 2734 1035 2767 aciem,

248 2778 366 2813 pluribus
386 2781 535 2815 prostratis,
560 2789 620 2809 mox
642 2781 726 2808 fracto
742 2781 829 2816 gladio
851 2786 1036 2809 consternatus

247 2825 282 2852 ad
293 2832 356 2852 suos
369 2833 429 2853 sese
443 2826 553 2854 referat.
565 2827 633 2860 Quin
648 2827 744 2861 potius,
759 2827 828 2863 quod
842 2827 918 2854 nobis
928 2827 1035 2860 accidit,

245 2869 356 2905 gravius
377 2876 427 2898 est.
448 2870 513 2898 Nam
532 2872 609 2899 militi
621 2872 666 2907 qui
687 2871 765 2908 fregit
782 2872 908 2908 gladium,
923 2872 984 2900 licet
1004 2872 1036 2899 ab

1090 1819 1141 1846 alio
1166 1818 1291 1854 quopiam
1310 1817 1472 1845 adstantium
1495 1824 1588 1845 ensem
1612 1817 1726 1851 eripere,
1750 1825 1884 1853 suumque

1090 1864 1207 1891 animum
1217 1871 1338 1896 exerere,
1351 1863 1513 1898 multamque
1524 1862 1708 1890 strenuitatem
1722 1863 1882 1890 ostendere:

1090 1914 1118 1936 at.
1133 1909 1157 1937 si
1172 1916 1222 1937 vox
1236 1909 1348 1942 laboret,
1364 1917 1416 1936 non
1433 1909 1495 1936 licet
1508 1909 1542 1935 ab
1554 1908 1607 1936 alio
1620 1916 1713 1936 vocem
1728 1913 1819 1936 mutuo
1834 1917 1883 1936 su—

1090 1962 1175 1985 mere.
1187 1955 1255 1989 Quid
1271 1955 1369 1990 igitur?
1384 1954 1526 1990 Fugiemus
1538 1960 1564 1981 et
1577 1954 1643 1981 nos?
1657 1955 1690 1982 At
1703 1962 1756 1981 non
1768 1955 1882 1989 permit-

1092 2001 1123 2028 tit
1138 2001 1190 2028 hoc
1199 2006 1294 2028 vestra:
1308 2001 1426 2028 caritatis
1447 2000 1567 2036 tyrannis
1586 2007 1617 2027 ac
1633 2000 1767 2027 violentia.
1781 2000 1882 2028 Vereor

1091 2052 1118 2074 et
1134 2046 1217 2082 patris
1233 2048 1402 2083 prmsenliam
1425 2048 1445 2081 ',
1470 2052 1497 2074 et
1510 2051 1626 2074 vestram
1650 2054 1746 2074 vereor
1756 2047 1882 2074 alacrita-

1092 2098 1144 2121 tem
1159 2094 1288 2129 :proinde
1308 2102 1339 2122 ea
1363 2102 1422 2129 qua:
1448 2101 1527 2129 supra
1552 2094 1623 2121 vires
1645 2098 1708 2122 sunt
1730 2095 1879 2129 aggrediar,

1091 2140 1179 2167 omnia
1197 2141 1376 2173 committens,
1393 2143 1420 2167 et
1434 2139 1557 2175 precibus
1576 2139 1655 2175 hujus
1668 2145 1695 2167 et
1716 2140 1819 2167 caritati
1833 2148 1882 2167 ve-

1090 2188 1162 2212 stne.

1126 2226 1163 2253 Ne
1176 2234 1239 2253 vero
1258 2232 1374 2254 vestrum
1391 2226 1523 2262 quispiam
1542 2226 1721 2260 reprehendat
1733 2226 1880 2253 orationem

1090 2272 1162 2299 velut
1176 2272 1402 2308 intempestivam,
1424 2273 1448 2300 si
1459 2280 1520 2300 cum
1535 2277 1666 2307 martyres
1680 2279 1729 2298 nos
1743 2271 1822 2298 hodie
1836 2279 1881 2298 vo-

1090 2319 1185 2351 cent‘,
1199 2325 1248 2345 nos
1275 2317 1485 2352 supersedentes
1514 2317 1621 2344 illorum
1639 2324 1774 2352 experiere
1792 2322 1880 2344 certa~

1090 2363 1172 2394 mina,
1195 2363 1323 2390 adversus
1345 2362 1452 2390 Judmos
1478 2362 1504 2389 in
1525 2367 1662 2390 certamen
1684 2361 1880 2390 descendimus.

1090 2408 1155 2436 Nam
1168 2413 1195 2436 et
1208 2409 1271 2444 ipsis
1288 2408 1447 2443 martyribus
1460 2407 1503 2435 hic
1513 2415 1603 2434 sermo
1616 2413 1657 2435 est
1669 2407 1830 2442 exoptatior.
1844 2408 1882 2435 Ex

1092 2456 1190 2482 nostris
1200 2456 1271 2483 enim
1288 2455 1410 2482 laudibus
1423 2454 1487 2482 nihil
1501 2454 1552 2482 illis
1569 2454 1719 2489 splendoris
1733 2460 1881 2482 accrescet.

1089 2501 1158 2535 Quid
1174 2502 1244 2528 enim
1260 2505 1356 2536 egeant
1373 2501 1468 2536 linguis
1484 2501 1592 2534 nostris,
1607 2508 1720 2536 quorum
1736 2501 1882 2528 certamina

1090 2553 1218 2582 superant
1242 2551 1364 2575 naturam
1387 2547 1540 2578 humanam,
1561 2555 1673 2582 quorum
1696 2547 1805 2582 praimia
1830 2548 1882 2574 vim

1090 2594 1188 2628 ingenii
1204 2594 1287 2621 nostri
1299 2594 1429 2622 vincunt?
1451 2594 1606 2621 Deriserunt
1626 2593 1693 2620 hanc
1706 2594 1798 2626 vitam,
1815 2601 1886 2620 cou—

1090 2641 1228 2667 culcarunt
1240 2640 1409 2668 carniﬁcinas
1419 2647 1450 2667 ac
1463 2644 1604 2672 tormenta,
1614 2639 1793 2674 despexerunt
1807 2646 1883 2665 mor-

1091 2691 1155 2718 tem,
1174 2686 1206 2713 ad
1220 2686 1314 2713 cmlum
1334 2686 1482 2719 evolarunt,
1495 2687 1580 2721 erepti
1597 2690 1660 2714 sunt
1673 2693 1688 2713 e
1700 2685 1824 2713 ﬂuctibus
1838 2693 1882 2712 re-

1090 2739 1148 2758 rum
1163 2731 1349 2765 humanarum,
1362 2732 1387 2758 in
1399 2731 1570 2767 tranquillum
1580 2731 1753 2767 enavigarunt
1763 2735 1881 2765 porlum,

1091 2786 1143 2805 non
1166 2786 1260 2806 aurum
1284 2783 1469 2813 argentumve,
1499 2784 1545 2806 aut
1562 2783 1650 2807 vestes
1670 2778 1809 2813 pretiosas,
1833 2778 1882 2804 sed

1122 2845 1130 2861 ί
1149 2844 1271 2870 Flavianus
1280 2851 1387 2876 presens
1399 2849 1462 2870 erat.

1121 2877 1130 2892 ¹
1147 2879 1241 2901 Festum
1253 2880 1306 2901 erat
1317 2880 1450 2908 Martyrum.
