2006 3124
295 140 343 166 907
662 143 690 171 S.
711 144 848 173 JOANNIS
867 146 1099 176 CHRYSOSTC'HE

294 196 373 229 igitur
398 204 450 224 non
472 199 618 226 sustinuit?
641 200 669 227 Si
684 208 729 227 vos
752 201 832 233 pudet
848 210 955 230 causam
977 204 1077 242 dicere,

296 250 343 275 ego
358 242 471 270 dilucide
483 244 643 278 profitebor;
661 245 713 272 ittto
727 247 814 280 potius
823 255 875 274 non
888 256 948 283 ego,
965 249 1011 276 scd
1026 251 1080 282 ipsa

297 295 382 314 rerum
399 289 504 316 veritas.

331 343 386 369 Nu
393 344 484 372 Christi
493 345 590 374 Iudaeis
597 355 672 374 causa
683 350 997 387 malormtt.—Poslquatn
1005 354 1081 381 Citri-

293 395 362 416 stum
378 391 522 424 occidistis,
535 399 673 428 postquam
689 395 714 421 iu
731 396 868 423 Dontintntt
881 398 1007 433 injecistis
1022 409 1079 427 nta-

293 442 352 467 uus,
367 440 504 470 postquam
518 439 672 472 sanguinem
685 439 758 467 illum
775 443 917 475 pretiosttttt
934 444 1077 478 effudistis;

293 486 434 516 propterea
445 487 547 508 nottest
559 483 632 509 vobis
646 484 746 519 reliqua
759 487 906 521 corrigendi
924 496 984 523 spes
995 498 1080 524 neque

292 526 378 559 venia,
394 534 479 562 neque
493 529 623 563 purgatio.
635 530 702 557 Tum
718 531 788 558 enim
805 541 864 567 qua:
885 542 930 567 per
944 535 1079 563 audaciam

291 574 474 607 perpetrastis,
498 575 524 601 itt
546 582 638 603 servos
663 579 844 612 perpetrastis,
870 580 896 606 in
921 581 1029 616 Moscm,
1055 583 1079 609 itt

294 618 399 651 Isaiam,
416 620 441 646 in
455 620 616 654 .lcremiant;
639 627 694 649 tttttt
721 625 825 652 tametsi
855 626 976 660 impietas
993 629 1080 663 aliqua

291 664 517 699 cmttmitteb’ttur,
546 672 573 693 at
587 667 695 695 audacia
715 669 830 696 ttondum
852 678 1017 705 processerat
1037 681 1080 699 us-

292 716 343 741 qtte
360 709 392 735 ad
408 710 536 738 malorum
550 718 638 747 capiti.
658 713 733 741 Nunc
754 721 842 743 autctu
859 719 945 744 omnia
959 723 1078 746 veterum
1092 734 1096 742 ι

292 754 407 782 facinora
422 757 577 790 superastis,
593 766 642 785 nec
655 759 735 786 ullttttt
748 766 821 788 retro
833 762 974 798 reliquistis
985 765 1078 799 ncqui-

293 798 334 825 tite
355 800 469 833 culmen,
490 802 524 829 ob
546 803 692 837 insaniant,
715 813 765 839 qua
789 806 942 834 debaccltali
969 810 1032 836 estis
1053 810 1077 836 itt

291 843 434 878 Christum,
449 853 534 881 eoque
547 855 615 875 nttttc
625 849 760 882 graviores
774 851 845 877 luitis
860 859 961 886 punias.
973 854 1077 882 Etenim

290 889 313 916 si
324 888 382 916 haec
402 898 453 917 non
465 896 506 918 est
520 900 598 919 causa
615 894 765 927 ignominiae
785 900 891 930 vestrae,
909 906 991 932 quare
1010 900 1079 928 Deus

290 941 339 960 vos
350 938 405 960 tttttt
417 934 573 962 occidentes
586 936 686 964 liberos
699 943 804 966 vestros
812 941 1024 973 toleravitmuue
1034 952 1079 971 au-

292 983 344 1004 tettt
353 987 368 1006 a
376 979 476 1007 talibus
487 981 660 1011 abstinentes
669 987 824 1012 aversatur?
834 986 973 1022 Siquidem
983 990 1077 1018 occiso

291 1023 399 1054 Christo
409 1026 499 1058 majus
513 1028 677 1064 graviusque
693 1031 783 1059 scelus
799 1034 1078 1070 cotmnisistis,quant

292 1069 314 1093 si
335 1072 508 1099 tttactassetis
526 1073 637 1105 liberos.
657 1081 682 1101 ct
694 1083 801 1103 nutttcttt
817 1079 900 1109 legent
912 1069 1071 1109 violassetis.

326 1116 352 1142 5.
375 1116 495 1144 Etiamne
522 1119 631 1152 posthac
653 1122 869 1151 audcbitisilltutt
883 1133 977 1153 vocare
993 1127 1076 1162 impo-

289 1166 387 1187 storetu
402 1169 433 1188 ac
449 1162 513 1197 legis
527 1168 752 1199 trattsgrcssorem
782 1176 813 1195 ac
826 1178 877 1197 ttott
892 1172 978 1205 potius
988 1173 1077 1208 aliquo

288 1206 453 1240 sccedentcs,
476 1216 523 1235 vos
546 1210 616 1244 ipsos
636 1213 819 1247 occultabitis,
846 1216 889 1250 qui
908 1216 972 1251 ipsis
993 1206 1077 1246 oculis

289 1250 441 1279 intueatttitti
462 1258 512 1280 tam
529 1256 678 1284 evidentcttt
693 1259 851 1287 veritatem?
865 1250 970 1289 Etenim
989 1262 1010 1289 si
1024 1263 1073 1290 int-

290 1300 379 1329 postor
388 1303 445 1325 erat
455 1298 542 1332 Jesus,
557 1305 585 1327 ut
597 1302 693 1334 dicitis,
705 1304 820 1339 legisque
832 1311 1019 1342 transgressor,
1030 1317 1077 1342 par

287 1348 354 1374 erat“,
370 1349 396 1370 ttt
409 1344 469 1372 ltittc
478 1347 560 1373 ‘ctiattt
574 1348 679 1376 laudettt
692 1349 805 1383 ferretis,
819 1353 863 1385 qui
880 1355 957 1381 talem
970 1355 1076 1382 occide-

289 1390 361 1416 retis.
376 1390 440 1418 Natn
453 1393 475 1419 si
490 1393 602 1422 l’ltiuees
617 1398 693 1423 unico
707 1402 806 1425 tantum
819 1405 956 1434 perctttpto
969 1401 1076 1429 homine

288 1439 368 1461 totam
379 1437 494 1464 nutttittis
506 1439 571 1466 iram
581 1439 708 1468 adversus
719 1443 842 1477 populum
856 1446 1075 1475 exardescentem

287 1479 386 1507 sedavit
403 1490 409 1507 :
436 1482 514 1510 Stetit
542 1485 620 1519 enim,
639 1486 731 1521 inquit,
755 1488 872 1522 Pltt'm'es,
892 1496 915 1517 et
933 1491 1040 1526 placauit
1053 1498 1076 1520 et

286 1526 389 1551 citis-sarit
414 1529 539 1558 quassatio
565 1530 650 1564 (Psal.
675 1532 735 1560 105.
756 1533 819 1569 50);
848 1540 938 1571 totque
956 1536 1076 1565 homines

286 1571 381 1605 eripuit
394 1572 426 1599 ab
440 1574 476 1600 ira
490 1574 576 1601 divina
591 1577 668 1605 unius
682 1578 795 1606 hominis
808 1581 881 1608 catde
898 1590 905 1608 :
920 1583 1004 1610 ntulto
1017 1591 1075 1610 ma-

285 1617 325 1650 gis
339 1617 394 1644 hmo
412 1618 487 1646 vobis
501 1623 617 1654 oportuit
628 1623 758 1658 accidere,
779 1626 801 1651 si
816 1625 880 1660 legis
898 1632 1076 1662 lrausgrcssor

287 1667 353 1694 orat,
369 1671 447 1697 quctn
465 1673 511 1692 vos
526 1667 702 1696 crucifivistis.
721 1670 774 1696 Cur
788 1671 874 1704 igitur,
889 1679 988 1705 quasti,
1011 1674 1074 1700 Plti-

288 1715 360 1740 uees,
372 1709 428 1736 viro
438 1710 501 1744 legis
511 1715 705 1746 transgressore
715 1721 862 1749 perempto,
873 1716 958 1750 jttstus
972 1718 1075 1746 ltabitus

285 1757 335 1785 est,
354 1758 380 1780 et
397 1755 547 1783 sacerdotio
565 1756 709 1785 honoratus
724 1759 818 1793 (Num.
833 1761 877 1787 ‘25.
894 1761 940 1797 7)?
962 1762 1013 1790 Vos
1025 1771 1074 1790 au-

288 1803 338 1824 tent
354 1807 413 1825 cuttt
427 1800 453 1826 itt
469 1808 573 1828 crucem
584 1802 692 1836 egeritis
705 1804 789 1831 virttttt
804 1805 982 1841 itttpostorem,
996 1813 1023 1835 ut
1033 1809 1076 1836 di-

285 1842 355 1875 citis,
380 1843 487 1880 Deoque
507 1846 692 1875 adversantem
713 1857 720 1874 :
745 1850 791 1884 qui
806 1851 844 1882 lit,
868 1856 896 1878 ut
915 1860 967 1879 ttott
985 1852 1075 1881 feratis

286 1889 389 1917 laudent
400 1896 427 1918 et
435 1891 573 1925 honorem,
585 1901 676 1921 verum
688 1895 767 1922 etiaut
781 1897 917 1925 acerbiora
930 1900 1074 1934 passisitis,

285 1944 362 1970 quant
377 1945 435 1964 eunt
451 1938 518 1966 filios
528 1943 630 1967 vestros
642 1943 810 1970 mactaretis?
825 1944 919 1971 Annon
933 1945 1001 1972 istud
1017 1953 1077 1980 per-

284 1983 403 2017 spicuum
417 1989 457 2011 est
473 1985 512 2011 vel
531 1985 679 2019 hebetibus,
692 1995 740 2014 vos
757 1989 816 2022 quia
836 1989 963 2018 adversus
978 1991 1075 2018 Serva-

285 2035 369 2056 torcnt
387 2038 418 2057 ac
433 2031 578 2066 principem
593 2033 664 2060 orbis
677 2034 757 2068 impie
769 2036 870 2069 egistis.
891 2037 935 2064 tali
954 2038 1075 2065 vindictae

284 2076 394 2109 subjici?
416 2077 448 2104 lit
470 2086 538 2104 tutttc
557 2086 620 2106 sane
639 2080 777 2107 abstinetis
795 2090 809 2107 a
823 2083 923 2110 nefario
936 2085 1072 2117 sanguine,

284 2124 392 2150 sabbata
412 2125 533 2157 servatis,
552 2130 605 2152 tum
621 2133 685 2153 vero
699 2127 782 2161 ip~ltlll
801 2128 880 2154 etiam
893 2129 995 2156 sabbati
1005 2128 1075 2156 diem

285 2169 433 2196 violahatis.
452 2170 486 2196 At
499 2178 561 2197 ecce
577 2170 646 2198 Deus
660 2179 707 2206 per
718 2172 860 2199 .lcrcntiam
875 2174 995 2207 promisit
1006 2174 1072 2207 fore,

284 2220 312 2241 ttt
333 2221 452 2249 parceret
479 2216 576 2243 civitati
600 2222 706 2249 vestrm,
737 2218 757 2245 si
787 2218 949 2246 desisteretis
971 2225 1074 2254 gestare

284 2268 364 2287 ottcra
379 2261 562 2293 sabbaloUer.
575 2262 618 2288 17.
632 2261 688 2297 21).
703 2262 753 2290 Sed
770 2263 819 2290 hoc
833 2272 902 2290 uuttc
917 2264 1011 2295 facitis.
1026 2273 1073 2293 tte-

283 2313 334 2340 que
348 2307 456 2341 gestatis
473 2314 553 2334 onera
571 2307 698 2340 sabbato;
721 2313 836 2335 attanteu
857 2317 889 2336 ne
910 2309 948 2336 sic
968 2310 1073 2344 quidem

284 2354 358 2381 vobis
372 2354 557 2381 reconciliatur
574 2354 628 2381 ille.
649 2354 714 2381 Nam
730 2359 865 2389 peccatum
880 2355 943 2382 illud
955 2361 1072 2384 vestrum

283 2404 339 2426 erat
362 2400 479 2426 omnium
504 2399 657 2430 maximum,
684 2405 710 2427 ut
732 2400 780 2427 ista
800 2401 875 2428 vobis
895 2403 1028 2430 excusatio
1040 2403 1073 2431 de

284 2445 398 2479 peccatis
420 2452 614 2479 supervacanea
629 2445 672 2473 sit.
687 2446 742 2473 Non
757 2447 827 2473 enim
850 2447 884 2474 ob
903 2453 997 2476 extera
1011 2449 1072 2476 vita:

282 2492 433 2522 commissa,
448 2491 495 2518 sed
513 2496 619 2526 propter
631 2491 694 2519 illud
707 2492 806 2520 facinus
820 2494 845 2520 in
864 2494 904 2521 ltis
922 2496 985 2522 estis
1000 2495 1073 2522 cala-

284 2539 429 2566 mitatibus.
444 2539 519 2572 Quod
534 2539 559 2566 tti
572 2540 610 2566 sic
625 2539 743 2573 ltabcrct,
760 2541 828 2568 Deus
839 2541 908 2568 haud
921 2550 967 2569 vos
981 2542 1072 2569 fuisset

283 2585 382 2613 tamdiu
392 2591 539 2617 aversatus,
553 2586 655 2613 etiamsi
671 2588 807 2614 innumera
817 2588 868 2614 alia
883 2594 988 2622 peccata
999 2597 1072 2615 cont-

283 2631 430 2659 tnisissctis.
453 2631 480 2658 ld
501 2640 560 2658 cum
585 2633 750 2667 perspicuum
770 2634 804 2660 sit
822 2642 853 2660 ex
874 2635 995 2661 omnibus
1012 2643 1070 2669 quae

281 2679 350 2705 dicta
365 2683 437 2711 sunt,
450 2686 481 2705 ex
491 2677 550 2710 hoc,
567 2678 636 2712 quod
649 2679 767 2706 dicturus
777 2687 845 2712 sum,
858 2680 907 2706 crit
918 2680 1067 2708 dilucidius.

281 2724 348 2757 Quid
363 2729 404 2751 est
419 2724 489 2750 hoc?
502 2724 656 2752 Audivitnus
669 2724 750 2752 Deum
763 2725 856 2752 crebro
870 2733 915 2759 per
930 2726 1070 2759 prophetas

282 2770 412 2797 dicentem
430 2770 573 2804 majoribus
587 2770 702 2798 vestris:
722 2769 773 2797 Vos
793 2771 894 2805 quidem
912 2772 986 2798 eratis
1001 2771 1069 2806 digni

282 2813 360 2840 malis
372 2814 614 2850 itmuntcris,atcgo
624 2815 695 2850 facio
708 2821 814 2851 propter
826 2823 917 2842 nomen
932 2823 1028 2846 ltlcttllt,
1037 2822 1066 2842 ne

281 2860 437 2895 profanetur
451 2862 518 2888 inter
533 2861 625 2890 Gentes
637 2862 744 2898 (Ezeclt.
758 2863 801 2891 36.
815 2863 871 2892 2|).
884 2862 916 2889 Et
930 2870 1038 2889 rursum
1059 2871 1064 2889 :

1117 151 1271 180 ARCHIEP.
1291 154 1556 185 CONSTANTINOP.
1857 161 1899 190 903

1132 204 1193 234 Non
1206 213 1312 241 propter
1324 216 1366 234 vos
1377 217 1422 243 ego
1437 209 1518 242 facio,
1531 209 1624 238 domus
1641 211 1738 244 Israel.
1754 215 1798 240 sed
1807 223 1903 250 propter

1128 260 1221 278 nomen
1238 261 1322 279 meum
1333 253 1384 288 (Ib.
1401 262 1424 281 υ.
1436 255 1492 282 52ν.
1508 255 1612 284 Sensus
1623 262 1714 285 autem
1724 259 1767 287 hic
1781 266 1839 289 est:
1850 271 1904 290 era-

1128 298 1163 323 tis
1176 299 1285 332 quidem
1301 300 1475 333 gravioribus
1491 301 1566 337 digui
1590 304 1731 338 suppliciis
1746 313 1777 333 ac
1797 309 1902 342 pcenis:

1127 351 1221 371 verum
1234 353 1267 372 tte
1276 346 1339 380 quis
1353 346 1467 379 diceret,
1482 349 1556 382 quod
1569 349 1650 381 Deus,
1666 358 1729 377 cum
1745 352 1781 380 ob
1792 353 1903 388 inopiam

1127 389 1225 417 virium
1241 399 1295 417 non
1311 398 1401 426 posset
1411 395 1651 430 servare,reliquit
1663 395 1771 425 Judteos
1785 399 1812 426 in
1822 400 1903 426 mani-

1127 436 1176 462 ltus
1193 436 1325 469 hostium,
1339 439 1458 467 auxilior
1475 444 1501 467 et
1517 442 1657 476 prospicio
1672 444 1760 472 vobis.
1776 445 1870 481 itaque
1884 448 1902 474 si

1126 482 1192 516 legis
1211 486 1398 518 transgressor
1415 491 1474 513 erat
1489 487 1625 518 Christus.
1642 496 1723 523 quem
1738 498 1786 518 vos
1802 492 1903 519 cruciﬁ-

1125 530 1213 559 vislis,
1232 530 1340 557 etiamsi
1357 531 1449 559 decies
1471 533 1545 560 mille
1562 539 1671 568 peccata
1687 537 1901 571 coutmisissetis,

1122 575 1208 602 ntttlto
1219 576 1301 602 etiam
1317 578 1456 611 prioribus
1476 579 1531 606 illis
1543 580 1669 614 graviora
1684 590 1691 608 :
1707 581 1832 615 profecto
1849 590 1902 617 pro-

1122 625 1182 653 pter
1211 620 1263 648 ltoc
1291 622 1392 649 factum
1418 630 1555 652 servasset
1579 634 1627 654 vos
1648 626 1729 660 Deus,
1752 635 1786 655 ne
1809 637 1901 656 nomen

1122 665 1207 699 ipsius
1225 667 1402 702 pollueretur,
1422 677 1455 697 ne
1475 671 1520 698 ille
1542 679 1591 707 pro
1612 679 1711 708 magno
1724 673 1842 708 quodam
1858 674 1901 701 ha-

1121 712 1241 743 beretur.
1262 721 1330 742 neve
1348 716 1410 749 quis
1433 717 1549 749 diceret.
1567 726 1617 745 vos
1643 719 1729 753 ipsius
1753 727 1837 747 cattsa
1852 721 1900 748 hac

1120 755 1181 787 pati.
1196 755 1270 789 Quod
1286 757 1307 783 si
1324 757 1426 785 videtur
1437 759 1552 786 ohsnam
1568 761 1649 795 ipsius
1663 762 1773 796 gloriam
1786 764 1900 790 relaxare

1119 805 1236 833 peccata,
1252 801 1335 828 multo
1347 803 1429 837 magis
1444 802 1493 830 hoc
1507 812 1575 831 nunc
1591 810 1648 832 erat
1661 806 1792 839 facturus;
1811 813 1839 834 et
1856 815 1901 834 cm-

1119 844 1177 870 deut
1189 845 1255 872 hanc
1267 851 1402 881 acceptattt
1420 849 1564 881 habuisset,
1585 857 1616 877 ac
1629 851 1824 879 multitudinem
1846 860 1900 886 pec-

1118 895 1237 918 catorum
1251 896 1398 919 vestrorunt
1413 893 1565 922 delevisset.
1577 895 1708 924 Caeterum
1721 899 1848 932 quoniam
1858 920 1864 930 ,
1877 905 1900 925 ut

1119 941 1236 969 apparet,
1252 944 1299 964 vos
1309 943 1437 972 perpetuo
1449 946 1596 974 aversatur,
1619 942 1704 976 palam
1719 949 1759 970 est
1782 952 1844 971 euttt
1861 953 1902 978 per

1119 979 1186 1008 hanc
1200 981 1264 1009 iram
1286 987 1313 1010 et
1333 989 1486 1018 perpetuam
1509 986 1708 1015 derelictionem
1725 989 1901 1017 demonstrare

1118 1027 1197 1052 etiam
1218 1027 1454 1061 impudentioribus
1467 1038 1538 1062 euut.
1559 1032 1602 1067 qui
1619 1040 1634 1059 a
1648 1034 1722 1061 vobis
1738 1036 1845 1062 occisus
1855 1041 1899 1067 cst.

1118 1077 1169 1097 nou
1184 1071 1263 1099 fuisse
1275 1077 1497 1109 transgressorem
1513 1076 1588 1111 legis,
1608 1078 1654 1105 sed
1665 1079 1751 1113 ipsuttt
1763 1081 1828 1113 legis
1842 1088 1900 1108 wu-

1117 1117 1241 1151 ditorem,
1254 1123 1280 1146 et
1291 1119 1522 1150 innumerabilium
1536 1122 1668 1151 bonorum
1684 1131 1819 1153 auctorem
1835 1127 1901 1153 vobis

1116 1163 1264 1192 advenisse.
1282 1165 1344 1192 Ideo
1357 1174 1404 1194 vos
1413 1168 1457 1201 qui
1474 1168 1553 1203 itnpic
1569 1169 1667 1197 fecistis
1678 1170 1806 1198 adversus
1820 1172 1900 1202 illum.

1117 1208 1142 1235 itt
1152 1211 1309 1238 contumelia
1323 1217 1351 1239 et
1360 1212 1502 1247 ignominia
1515 1214 1626 1249 degitis:
1642 1223 1691 1243 nos
1704 1224 1768 1244 vero
1775 1216 1820 1251 qui
1836 1217 1901 1244 illum

1116 1255 1266 1289 adoramus,
1280 1262 1357 1285 antea
1373 1259 1446 1286 vobis
1460 1261 1584 1288 omnibus
1595 1261 1765 1296 ignobiliores
1775 1283 1783 1295 ,
1805 1263 1902 1289 honore

1117 1309 1163 1328 vos
1175 1310 1268 1329 ontnes
1281 1304 1464 1338 praecedimus,
1488 1313 1588 1340 perque
1602 1306 1649 1333 Dei
1663 1307 1775 1341 gratiam
1793 1315 1901 1335 venera-

1117 1345 1222 1373 biliores
1240 1347 1315 1375 vobis
1329 1349 1452 1377 omnibus
1464 1358 1556 1378 sumus
1573 1356 1600 1379 et
1616 1351 1643 1378 in
1662 1352 1763 1386 majore
1780 1353 1902 1387 dignitate

1116 1392 1389 1422 constituti..Etunde
1402 1395 1493 1430 liquet.
1514 1397 1645 1431 ittquiuttt,
1667 1398 1737 1432 qttod
1753 1406 1800 1425 ttos
1812 1399 1902 1433 repulit

1118 1437 1204 1465 Deus?
1217 1438 1313 1472 Qumso
1326 1445 1362 1473 te,
1372 1441 1489 1469 etiamne
1501 1450 1569 1477 opus
1580 1447 1622 1470 est
1637 1443 1688 1470 hoc
1696 1443 1784 1470 verbis
1795 1444 1902 1471 demon-

1115 1488 1210 1516 strare,
1225 1492 1285 1512 cum
1297 1485 1353 1519 ipsa
1361 1494 1404 1514 res
1414 1487 1540 1519 clamitet.
1551 1495 1583 1515 ac
1593 1495 1684 1516 vocent
1697 1489 1757 1515 tuba
1766 1489 1901 1516 clariorem

1115 1529 1226 1563 cutittal,
1253 1534 1307 1557 tum
1329 1539 1378 1566 per
1392 1532 1465 1560 urbis
1482 1533 1659 1566 eversionem,
1675 1538 1729 1561 tum
1747 1542 1795 1569 per
1816 1534 1902 1569 templi

1114 1574 1319 1603 destructionem
1341 1582 1395 1604 tum
1411 1585 1459 1612 per
1472 1583 1567 1605 cattera
1582 1579 1682 1611 omnia,
1704 1579 1792 1606 adhuc
1810 1579 1901 1606 verbo-

1115 1629 1173 1647 rum
1185 1621 1437 1650 demonstrationem
1456 1623 1629 1651 desideratis?
1651 1624 1748 1651 V'erum
1772 1625 1901 1654 homines,

1114 1665 1244 1699 inquiunt,
1261 1667 1338 1693 nobis
1359 1668 1415 1694 haec
1426 1669 1580 1699 intulerunt,
1597 1676 1649 1694 non
1664 1670 1742 1695 Deus.
1767 1668 1824 1695 ltno
1840 1669 1903 1696 Deus

1116 1710 1163 1737 ista
1175 1710 1340 1745 potissimum
1354 1711 1450 1739 effecit.
1464 1712 1540 1746 Quod
1553 1713 1575 1740 si
1586 1712 1642 1740 haec
1655 1713 1807 1741 hominibus
1820 1715 1903 1749 impu-

1116 1762 1165 1788 tas,
1179 1757 1243 1784 illud
1263 1765 1369 1784 rursum
1390 1759 1538 1791 considera.
1553 1759 1633 1793 quod.
1653 1759 1704 1787 etsi
1718 1759 1842 1788 homines
1859 1761 1903 1788 ista

1115 1802 1210 1830 l‘tterittt
1229 1804 1296 1836 ausi,
1319 1803 1368 1830 nisi
1388 1803 1443 1831 Deo
1467 1804 1618 1838 placuisset,
1641 1812 1693 1832 non
1710 1806 1862 1839 potuissent
1873 1806 1904 1832 ad

1114 1847 1237 1875 effectum
1251 1848 1405 1883 perducere.
1417 1849 1481 1876 Cum
1491 1850 1569 1884 igitur
1580 1850 1699 1878 irruisset
1709 1851 1753 1878 ille
1765 1851 1903 1884 barbarus,

1116 1898 1195 1920 totattt
1211 1894 1345 1921 Persidem
1361 1901 1451 1922 secum
1463 1894 1573 1928 ducens,
1596 1902 1707 1930 spcratts
1721 1896 1788 1927 fore.
1802 1901 1834 1923 ut
1847 1905 1904 1924 ttut-

1115 1947 1206 1967 versos
1217 1939 1324 1967 adortus
1336 1944 1453 1974 caperet,
1476 1940 1609 1968 civitatem
1624 1945 1707 1968 totam
1722 1942 1793 1969 velut
1807 1949 1903 1978 sagena

1114 1986 1226 2021 quadam
1238 1994 1269 2014 ac
1280 1986 1329 2013 reti
1341 1987 1492 2014 conclusam
1508 1987 1621 2016 ltabcbat
1637 1996 1643 2015 :
1658 1996 1746 2016 nonne
1756 1994 1830 2020 tunc,
1846 1994 1906 2016 tunc

1116 2032 1232 2066 inquam,
1252 2032 1375 2066 quoniam
1389 2032 1457 2059 Deus
1473 2038 1530 2060 erat
1547 2033 1621 2060 vobis
1638 2034 1783 2068 propitius,
1805 2035 1906 2069 absque

1116 2076 1195 2109 bello,
1215 2077 1272 2104 sitte
1287 2076 1427 2110 conﬂiCtu,
1456 2078 1514 2104 sine
1533 2078 1624 2112 pratlio
1645 2083 1750 2105 centum
1770 2080 1906 2114 octoginta

1115 2123 1231 2158 quittque
1249 2123 1364 2151 millibus
1385 2123 1497 2150 militum
1516 2123 1714 2152 interfectorum
1733 2125 1906 2159 Assyriorum

1115 2169 1184 2203 apud
1211 2177 1257 2196 vos
1285 2170 1402 2204 relictis,
1428 2171 1463 2198 ita
1476 2169 1559 2204 fugit,
1585 2175 1614 2197 ut
1640 2171 1704 2197 satis
1730 2170 1864 2203 haberet,
1888 2171 1908 2198 si

1116 2214 1188 2241 solus
1200 2215 1323 2242 evaderet
1336 2215 1496 2243 incolumis?
1511 2215 1606 2243 Verum
1621 2222 1647 2243 et
1663 2216 1714 2242 alia
1733 2216 1802 2243 bella
1827 2218 1910 2243 inuu-

1117 2259 1250 2286 merabilizt
1274 2259 1426 2295 frequenter
1443 2260 1477 2287 ad
1501 2261 1580 2288 istum
1601 2261 1707 2288 utodum
1729 2261 1810 2287 solvit
1826 2262 1909 2289 Deus.

1116 2305 1203 2338 Quare
1210 2310 1236 2333 et
1247 2315 1325 2339 nunc,
1341 2307 1390 2334 nisi
1401 2307 1457 2341 ipsc
1467 2311 1537 2334 esset
1550 2307 1593 2341 qui
1605 2308 1709 2342 pettitus
1720 2314 1766 2334 vos
1775 2307 1910 2337 deseruit.

1118 2359 1170 2379 non
1181 2353 1328 2387 potuissent
1339 2353 1474 2380 civitatem
1483 2358 1598 2380 vestram
1610 2353 1725 2385 diruere,
1737 2361 1769 2381 ac
1777 2355 1910 2389 templum

1118 2403 1233 2430 vaStare;
1250 2406 1302 2425 tton
1314 2399 1448 2434 hucusque
1462 2404 1535 2426 tanto
1552 2404 1672 2434 tempore
1687 2399 1832 2427 mansisset
1847 2400 1910 2428 soti-

1117 2443 1215 2470 tudinis
1228 2444 1372 2477 calamitas,
1394 2452 1445 2471 nott
1457 2445 1533 2472 vobis
1546 2453 1616 2480 saepe
1630 2446 1787 2473 conantibus
1805 2447 1910 2473 instau-

1116 2489 1244 2517 rationem
1258 2495 1367 2518 conatus
1379 2491 1404 2518 in
1419 2499 1529 2518 vacuant
1545 2492 1678 2519 cessisset.

1150 2537 1176 2563 4.
1189 2536 1246 2563 .lam
1262 2544 1314 2563 non
1325 2545 1359 2563 ex
1374 2537 1415 2564 his
1427 2537 1522 2570 solum,
1537 2545 1628 2564 verum
1641 2537 1720 2564 etiam
1738 2544 1771 2564 ex
1785 2536 1852 2564 aliis
1865 2543 1914 2564 «τοι

1117 2583 1200 2609 nabor
1212 2583 1286 2610 vobis
1299 2583 1386 2618 palam
1405 2583 1504 2615 facere,
1523 2591 1575 2610 non
1589 2591 1635 2610 sua
1652 2583 1749 2611 virtute
1765 2583 1848 2610 vobis
1863 2583 1913 2609 ista

1117 2628 1209 2655 l'ccissc
1222 2628 1354 2655 Romanos
1373 2628 1557 2663 imperatores,
1577 2628 1623 2656 sed
1636 2629 1697 2663 quia
1711 2628 1793 2655 Dettut
1814 2628 1915 2655 habui-

1115 2675 1162 2701 stis
1177 2675 1282 2707 iratum,
1300 2675 1343 2709 qui
1362 2683 1409 2702 vos
1422 2675 1583 2702 deseruerat.
1604 2674 1706 2701 Etenim
1727 2674 1749 2700 si
1770 2675 1845 2708 quod
1867 2683 1914 2709 ge-

1115 2726 1182 2748 stum
1198 2725 1248 2755 est,
1269 2721 1410 2748 humanum
1424 2727 1481 2749 erat
1495 2729 1560 2756 opus
1574 2729 1582 2748 τ
1606 2721 1721 2755 oportuit.
1743 2726 1853 2748 vestras
1871 2728 1916 2747 ct-

1115 2768 1245 2794 lamitatcs
1259 2768 1362 2795 excidio
1381 2768 1458 2799 tittiri,
1477 2775 1526 2795 nec
1546 2767 1649 2801 longius
1665 2766 1777 2800 proferri
1788 2771 1915 2793 vestram

1115 2814 1295 2848 tguontiniam.
1307 2814 1439 2841 Ponantus
1449 2815 1530 2846 cuitu,
1543 2813 1612 2848 quod
1630 2819 1678 2838 vos
1691 2811 1788 2842 dicitis.
1806 2819 1915 2838 uta-nu

1117 2861 1149 2888 ab
1161 2860 1313 2888 hominibus
1327 2860 1407 2888 fuisse
1421 2860 1556 2888 subversa.
1574 2859 1706 2886 civitatem
1720 2857 1855 2889 dirutam,
1875 2857 1911 2884 al-
