2006 3124
151 193 200 221 907

149 259 192 283 νος
206 251 251 278 οὔ]
264 251 357 279 ἕνεκεν
373 252 424 280 οὐκ
438 253 584 290 ἡνέσχετο;
606 254 666 282 Κᾶν
683 255 761 289 ὑμεῖς
775 252 938 288 αεηύνησθε

149 294 234 321 ιιπεῖν
249 293 298 329 τὴν
315 294 414 326 αἰτίαν,
432 294 487 329 ὲγὼ
502 296 626 332 φανερῶς
638 295 708 332 ἐρῶ·
725 295 824 331 μᾶλλον
843 294 872 320 δὲ
889 294 939 320 οὐκ

150 335 213 370 ἐγὼ,
225 335 283 361 ἀλλ’
297 335 366 371 αὑτὴ
377 337 431 363 τῶν
446 337 618 373 πραγμάτων
631 337 647 372 ἡ
663 335 787 373 ἀλήθεια.

190 416 298 452 Ἐπειδὴ
311 417 356 443 τὸν
371 418 487 453 Χριστὸν
502 418 689 449 ἀπεκτείνατε,
703 417 797 453 ἐπειδὴ
811 416 882 443 κατὰ
892 416 939 443 τοῦ

151 459 283 485 Δεσπότου
303 459 351 490 τὰς
372 461 467 495 χεῖρας
490 459 651 493 ἐξετείνατε,
668 460 763 494 ἐπειδὴ
777 459 808 485 τὸ
824 456 893 493 αἷμα
910 458 940 485 τὸ

151 500 238 535 τίμιον
254 500 390 535 έξεχέατε,
407 501 451 527 διὰ
465 501 543 528 τοῦτο
555 502 606 528 οὐκ
621 501 695 528 ἔστιν
709 501 774 536 ὑμῖν
786 500 939 536 διόρθωσις,

151 542 209 569 οὐδὲ
226 541 374 578 συγγνώμη
389 542 490 575 λοιπὸν,
503 544 564 569 οὐδὲ
583 543 727 577 ἀπολογία.
741 542 807 569 Τότε
823 542 872 577 μὲν
886 541 940 576 γὰρ

151 585 189 616 εἰς
203 583 312 615 δούλους
323 582 357 619 ἦν
367 584 401 610 τὰ
413 583 585 620 τολμώμενα,
595 586 635 616 εἰς
645 585 763 612 Μωῦσέα
773 584 820 610 καὶ
827 583 941 610 Ἡσαΐαν

152 627 196 652 καὶ
213 626 348 661 Ἰερεμίαν
358 634 365 641 ·
381 626 443 652 τότε
460 627 484 653 εἰ
499 627 546 653 καὶ
566 627 680 654 ἀσέϐειά
693 635 736 658 τις
752 627 869 660 ἐγένετο,
884 625 941 651 ἀλλ’

151 667 226 694 οῦπω
243 668 273 694 τὸ
284 668 432 702 κεφάλαιον
446 668 501 695 τῶν
515 669 608 695 κακῶν
622 667 656 704 ἦν
670 668 816 704 τολμηθὲν.
834 667 902 694 Νυνὶ
914 667 943 694 δὲ

152 710 239 736 πάντα
253 709 429 745 ἀπεκρύψατε
446 710 481 737 τά
495 710 609 743 παλαιὰ,
625 711 712 737 οὐδενὶ
735 710 763 736 δὲ
779 710 873 745 τρόπῳ
891 718 943 735 πα-

155 751 283 786 ρανομίας
298 752 450 787 ὑπερϐολὴν
464 752 623 779 κατελίπετε
640 753 683 779 διά
697 752 748 786 τῆς
767 753 807 783 εἰς
826 750 942 786 Χριστὸν

155 793 265 828 μανίας·
281 793 320 820 διὸ
330 794 377 820 καὶ
393 793 523 829 μειζόνως
539 793 684 826 κολάζεσθε
700 793 757 820 νῦν.
767 793 854 824 Ἐπεὶ,
865 793 889 818 εἰ
905 792 942 827 μὴ

153 833 229 861 τοῦτό
245 835 302 861 ἐστι
314 835 345 861 τὸ
360 835 444 861 αἴτιον
461 835 511 870 τῆς
526 835 666 871 παρούσης
679 833 756 870 ὑμῶν
773 834 895 869 ἀτιμίας,
906 833 944 859 τί-

153 884 196 907 νος
206 875 299 902 ἓνεκεν
310 876 557 903 παιδοκτονούντων
570 877 619 912 μὲν
631 876 708 912 ὑμῶν
719 877 733 903 6
743 876 809 908 Θεὸς
816 876 944 911 ἠνέσχετο

154 917 223 948 τότε,
236 917 319 953 μηδὲν
329 918 356 944 δὲ
367 917 488 944 τοιοῦτον
499 918 656 953 τολμῶντας
666 917 869 953 ἀποστρέφεται
880 916 942 948 νῦν;

153 956 191 985 Ἦ
205 959 285 994 δῆλον
298 959 339 986 ὃτι
353 959 400 986 καὶ
411 960 599 991 παιδοκτονίας
609 960 657 986 καὶ
668 959 759 993 πάσης
770 957 944 994 παρανομίας

153 1000 243 1036 πολλῷ
258 1003 349 1036 χεῖρον
371 1001 539 1037 ἐτολμήσατε
564 1002 612 1029 καὶ
636 1001 739 1038 μεῖζον,
755 1001 800 1028 τὸν
827 1000 944 1036 Χριστὸν

153 1043 303 1075 ἀνελόντες.

188 1128 226 1164 γ’.
242 1130 304 1156 Ἔτι
314 1127 361 1157 οὖν
372 1129 501 1163 ἀνέξεσθε
512 1130 613 1157 πλάνον
632 1130 713 1157 αὐτὸν
728 1130 775 1156 καὶ
787 1127 945 1164 παράνομον

154 1172 256 1203 καλεῖν,
272 1172 368 1198 εἴπατέ
384 1180 446 1207 μοι·
465 1172 512 1198 καὶ
522 1172 572 1198 οὐκ
587 1171 752 1202 ἀπελθόντες
767 1169 880 1201 ἑαυτούς
894 1176 944 1195 που

154 1212 340 1249 κατορύξετεα
356 1210 425 1248 πρὸς
449 1213 521 1240 οὕτω
546 1213 666 1249 φανεράν
691 1211 864 1248 πραγμάτων
880 1210 946 1245 ἀλή-

154 1255 229 1281 θειαν
244 1254 467 1287 ἀντιϐλέποντες;
491 1255 522 1282 Εἰ
545 1254 600 1290 γάρ
623 1254 723 1286 πλάνος
744 1252 778 1289 ἦν
801 1254 815 1280 6
832 1252 945 1289 Ἰησοῦς,

155 1296 281 1331 καθάπερ
296 1295 372 1332 [655]
388 1296 467 1331 φατὲ,
481 1296 528 1323 καὶ
548 1296 717 1331 παράνομος,
736 1295 783 1322 καὶ
802 1294 947 1329 εὐδοκιμῆ-

155 1346 201 1364 σαι
214 1337 287 1373 ὑμᾶς
302 1338 396 1373 ἐχρῆν,
414 1338 454 1365 ὂτι
467 1338 548 1364 αὺτὸν
561 1338 750 1364 ἀπεκτείνατε.
765 1337 797 1363 Et
808 1336 863 1372 γὰρ
879 1335 893 1361 6
904 1337 949 1362 Φι-

155 1380 214 1411 νεὲς
227 1380 275 1406 ἕνα
291 1379 352 1407 τινὰ
363 1379 477 1412 ἀνελὼν,
490 1379 635 1416 ὁλόκληρον
647 1379 696 1414 τὴν
709 1379 780 1406 κατά
793 1378 840 1405 τοῦ
857 1378 949 1409 ἔθνους

154 1422 240 1457 ὀργὴν
259 1421 392 1448 ἔπαυσεν·
413 1423 506 1457 "Eam
529 1423 586 1458 γὰρ
606 1422 720 1455 Φινὲες,
741 1422 817 1457 φησὶ,
837 1421 886 1448 καὶ
901 1420 950 1452 ἐξ-

155 1463 292 1495 adcura,
307 1463 356 1490 καὶ
379 1464 531 1491 ἐκόπασεν
544 1465 563 1498 ’ἡ
581 1464 706 1497 θραῦσις
716 1472 722 1479 ’
735 1463 783 1490 καὶ
805 1462 949 1493 τοσούτους

155 1505 343 1540 ἀσεϐήσαντας
367 1504 527 1540 ἀνθρώπους
552 1505 692 1541 ἐξήρπασε
717 1505 766 1539 τῆς
791 1504 876 1540 ὀργῆς
901 1503 949 1529 τοῦ

155 1546 224 1572 Θεοῦ
249 1547 298 1581 μιᾷ
323 1548 426 1582 σφαγῇη
440 1546 600 1582 παρανόμου
626 1546 699 1577 τινὸς
723 1545 836 1581 ἀνδρός·
861 1544 950 1580 πολλῷ

158 1588 257 1622 μᾶλλον
271 1588 314 1622 ἐφ’
326 1587 403 1622 ὑμῶν
424 1587 503 1613 τοῦτο
516 1586 643 1621 γενέσθαι
667 1587 762 1622 ἐχρῆν,
776 1587 803 1613 εί
815 1595 847 1620 γε
864 1587 952 1622 παρά-

156 1638 238 1663 νομος
262 1626 296 1663 ἦν
320 1630 334 1655 6
359 1629 403 1663 ὑφ’
419 1629 496 1664 ὑμῶν
519 1628 695 1664 σταυρωθείς.
711 1629 744 1655 Τί
760 1629 861 1664 δήποτε
876 1627 923 1655 οὖν
937 1629 952 1655 6

157 1670 208 1704 μὲν
223 1670 316 1700 Φινεὲς
329 1670 414 1706 ἄνδρα
430 1670 588 1705 παράνομον
602 1669 704 1696 ἀνελὼν
722 1669 884 1701 ὲδικαιοῦτο,
904 1669 952 1696 καὶ

157 1710 292 1747 ἱερωσύνῃ
315 1711 445 1746 ἐτιμᾶτο·
470 1710 550 1745 ὑμεῖς
573 1710 612 1741 δὲ,
626 1711 665 1741 ὡς
689 1710 767 1744 φατὲ,
781 1710 881 1736 πλάνον
905 1710 952 1736 καὶ

156 1752 280 1779 ἀντίθεόν
291 1761 352 1779 τινα
364 1751 580 1787 σταυρώσαντες,
590 1752 620 1778 οὐ
632 1751 713 1787 μόνον
725 1752 776 1777 οὐκ
783 1751 952 1786 εὐδοκιμεῖτε

157 1794 218 1822 οὐδὲ
233 1794 361 1830 τιμᾶσθε,
376 1794 444 1821 ἀλλὰ
470 1794 517 1820 καὶ
539 1793 720 1829 χαλεπώτερα
734 1793 861 1825 ἐπάθετε,
875 1794 891 1828 ἡ
907 1794 952 1820 ὅτε

157 1837 222 1868 τοὺς
238 1837 314 1868 υἱοὺς
331 1836 409 1871 ὑμῶν
431 1835 596 1870 ὲσφάττετε;
621 1835 671 1861 οὐκ
693 1835 804 1871 εὔδηλον
827 1836 874 1862 καὶ
896 1836 953 1866 τοῖς

159 1878 264 1914 σφόδρα
287 1878 422 1911 ἀνοήτοις,
442 1877 493 1908 ὃτι,
512 1877 606 1913 ἐπειδὴ
627 1878 668 1909 είς
693 1877 740 1904 τὸν
763 1877 878 1912 Σωτῆρα
906 1877 953 1903 καὶ

159 1919 316 1955 προστάτην
335 1918 386 1954 τῆς
400 1918 564 1954 οἰκουμένης
585 1920 811 1955 παρηνομήσατε,
825 1918 953 1953 τοιαύτην

160 1961 312 1996 ὑπομένετε
337 1960 432 1995 δίκην;
459 1960 556 1987 Καίτοι
580 1969 612 1995 γε
633 1960 682 1988 νῦν
699 1961 746 1988 καὶ
763 1961 887 1996 αἱμάτων
902 1961 954 1987 ἀπ-

161 2003 255 2038 έχεσθε
272 2002 390 2037 μιαρῶν,
399 2003 447 2029 καὶ
458 2002 581 2029 σάϐϐατα
597 2004 705 2038 τηρεῖτε
715 2010 722 2017 ·
735 2002 796 2029 τότε
810 2003 838 2029 δὲ
853 2002 899 2029 καὶ
914 2003 954 2034 εἰς

161 2044 246 2080 αὐτὴν
260 2043 415 2078 ὲνυϐρίζετε
429 2043 479 2079 τὴν
495 2044 611 2080 ἡμέραν.
627 2045 682 2071 Καὶ
704 2045 718 2071 6
737 2044 803 2076 Θεὸς
819 2043 954 2079 ἐπηγγέλ-

160 2085 222 2112 λετο
235 2085 280 2112 διὰ
294 2085 341 2111 τοῦ
362 2085 504 2120 Ἱερεμίου,
520 2085 659 2120 φείδεσθαι
676 2087 726 2121 τῆς
746 2086 850 2117 πόλεως
865 2086 952 2121 ὑμῶν,

161 2129 186 2154 εἰ
199 2126 348 2154 παύσοισθε
365 2126 486 2163 αἴροντες
499 2127 680 2164 βαστάγματα
692 2129 721 2155 ὲν
736 2127 863 2162 σαϐϐάτῳ
874 2135 880 2142 ·
896 2127 954 2154 ἀλλ’

164 2170 218 2196 ἰδοὺ
241 2169 288 2196 νῦν
302 2168 381 2195 τοῦτο
394 2171 506 2202 ποιεῖτε,
524 2170 571 2196 καὶ
590 2170 640 2196 οὐκ
661 2170 753 2206 αῐρετε
775 2169 955 2205 βαστάγματα

161 2213 192 2238 ὲν
215 2212 352 2247 σαϐϐάτῳ,
377 2213 425 2239 καὶ
446 2211 506 2238 οὐδὲ
530 2211 616 2243 οὕτως
640 2211 854 2238 καταλλάττεται
878 2212 953 2246 ὑμῖν.

161 2254 199 2281 Τὸ
220 2254 274 2289 γὰρ
293 2254 447 2289 ἁμάρτημα
462 2254 538 2289 ὑμῶν
553 2254 641 2280 ἐκεῖνο
657 2253 784 2280 ἀπάντων
800 2253 891 2288 μεῖζον
910 2251 954 2288 ἦν,

161 2296 233 2323 ὥστε
253 2296 380 2331 περιττὸς
402 2296 467 2330 ὑμῖν
487 2293 564 2327 οὗτος
582 2297 596 2322 6
610 2295 688 2330 λόγος
704 2296 718 2322 6
732 2296 786 2322 τῶν
802 2295 954 2330 ἁμαρτιῶν.

162 2337 201 2364 Οὐ
215 2337 269 2373 γάρ
282 2337 327 2364 διὰ
343 2337 388 2363 τὸν
411 2337 503 2363 λοιπὸν
522 2337 598 2372 ὑμῶν
613 2337 679 2371 βίον,
693 2337 760 2363 ἀλλὰ
775 2337 808 2363 δι’
822 2337 910 2363 έκεῖνο
926 2336 956 2363 τὸ

161 2379 291 2414 τόλμημα
306 2380 334 2405 ἐν
345 2380 401 2412 τοῖς
416 2378 549 2415 παροῦσιν
561 2379 622 2405 ὲστὲ
632 2379 823 2411 δεινοῖς.Ὢστε
836 2379 863 2405 ει¹
874 2387 904 2413 γε
919 2378 956 2414 μὴ

162 2421 243 2447 τοῦτο
257 2418 301 2455 ἦν,
317 2421 366 2447 οὐκ
380 2422 413 2447 ἂν
427 2421 474 2447 ἐπὶ
486 2420 613 2447 τοσοῦτον
626 2422 640 2447 6
653 2421 719 2452 Θεὸς
735 2421 807 2456 ὑμᾶς
820 2421 957 2456 ἀπεστρά-

163 2471 214 2498 φη,
228 2463 252 2488 εἰ
268 2464 316 2489 καί
333 2463 417 2498 μυρία
432 2460 480 2498 ἦτε
498 2462 702 2498 ἡμαρτηκότες·
721 2463 769 2489 καὶ⁴
784 2462 863 2497 δῆλον
881 2462 913 2488 ἐκ
926 2471 957 2488 τε

163 2504 218 2530 τῶν
233 2504 384 2539 εἰρημένων
397 2505 534 2537 ἁπάντων,
552 2505 599 2531 καὶ
610 2504 704 2531 τούτου
719 2501 749 2531 οὗ
765 2504 853 2538 μέλλω
867 2504 957 2538 λέγειν

165 2546 223 2573 νῦν.
241 2546 272 2571 Τί
287 2546 315 2572 δὲ
329 2546 407 2573 τοῦτό
424 2548 514 2578 ἑστινς
536 2546 708 2581 Ἦκούσαμεν
719 2546 763 2572 τοῦ
776 2545 843 2572 Θεοῦ
856 2545 957 2572 πολλά-

165 2596 210 2619 κις
225 2587 350 2621 λέγοντος
372 2589 416 2615 διὰ
430 2589 485 2616 τῶν
499 2589 646 2625 προφητῶν
669 2589 737 2624 πρὸς
756 2589 819 2620 τοὺς
835 2589 957 2624 πατέρας

164 2630 228 2661 τοὺς
251 2630 412 2665 ὑμετέρους,
433 2632 474 2657 ὃτι
495 2631 594 2666 ἠιεῖς
605 2631 663 2665 μὲν
674 2631 753 2662 ἄξιοι
767 2630 882 2665 μυρίων
905 2629 958 2665 ἦτε

165 2671 267 2698 κακῶν
278 2680 284 2686 ”
371 2672 415 2705 δὲ,
434 2673 510 2708 φησὶ,
526 2673 599 2700 ποιῶ
615 2673 662 2700 διὰ
675 2673 708 2699 τὸ
723 2672 817 2707 ὕνομά
824 2681 894 2707 μου,
908 2673 958 2700 ἵνα

165 2714 206 2748 μὴ
224 2714 385 2748 βεϐηλωθιῇ
402 2715 435 2741 ὲν
457 2715 519 2749 τοῖς
535 2716 646 2744 ἔθνεσι.
668 2716 722 2742 Καὶ
743 2715 839 2742 πάλιν·
864 2717 905 2742 Οὐ
919 2715 956 2742 δι’

166 2756 244 2791 ὑμᾶς
256 2756 314 2791 ἐγὼ
328 2756 412 2788 ποιῶ,
426 2755 507 2789 οἶκος
521 2758 574 2784 τοῦ
593 2758 723 2792 Ἰσραὴλ,
741 2758 809 2785 ἀλλ’
824 2758 843 2791 ἢ
861 2758 910 2785 διὰ
924 2760 958 2787 τὸ

167 2798 262 2832 ὄνομά
281 2799 391 2833 μου.’“0
414 2799 442 2825 δὲ
465 2799 549 2833 λέγει,
562 2800 681 2827 τοιοῦτόν
706 2801 781 2827 ἐστι·
799 2801 957 2837 Ιὶαρυτέρας

205 2920 212 2930 ¹
228 2918 339 2950 Quinque
352 2926 406 2945 mas.
420 2921 566 2952 κατορύξετε,
579 2921 662 2947 Morel.
678 2923 833 2954 κατωρύξατε.

718 192 902 222 ADVERSUS
918 190 1074 220 JUDxEUS.
1095 191 1140 219 Vl.

1726 190 1779 216 ουν

993 250 1043 285 μὲν
1059 251 1195 286 τιμωρίας
1210 248 1259 286 ἦτε
1275 251 1344 283 ἄξιοι
1367 251 1414 278 καὶ
1439 249 1591 279 κολάσεως·
1611 246 1667 273 ἀλλ’
1684 246 1728 273 ἵνα
1744 247 1781 282 μή

992 301 1034 324 τις
1053 292 1130 329 λέγῃ,
1148 293 1188 319 ὅτι
1204 293 1326 320 ἀσθενῶν
1338 294 1352 320 6
1367 293 1444 324 Θεὸς,
1459 291 1506 318 καὶ
1523 290 1559 326 μὴ
1573 289 1719 324 δυνάμενος
1735 288 1781 314 σῶν

993 343 1048 366 σαι,
1065 335 1154 370 ἀφῆκε
1171 335 1234 366 τοὺς
1256 334 1400 366 Ἰουδαίους
1419 335 1479 365 ταῖς
1495 332 1550 359 τῶν
1567 330 1703 366 πολεμίων
1722 338 1779 365 χερ·

992 377 1044 409 σὶν,
1060 376 1295 412 ἀντιλαμϐάνομαι
1308 376 1355 402 καὶ
1372 373 1635 412 προΐσταμαι.¹Ὠσ-τε
1651 373 1675 398 εἰ
1692 371 1779 406 παρά-

992 427 1072 454 νομος
1089 416 1123 454 ἦν
1144 419 1158 444 6
1181 419 1308 454 Χριστὸς,
1326 419 1405 453 ὑμεῖς
1421 417 1448 443 δὲ
1475 416 1556 443 αὑτὸν
1581 412 1782 448 ἐσταυρώσατε,

992 460 1039 487 καὶ
1052 461 1076 486 εἰ
1091 460 1175 496 μυρία
1187 459 1236 496 ἦτε
1253 460 1452 497 ἡμαρτηκότες,
1465 459 1514 486 καὶ.
1528 456 1617 492 πολλῷ
1643 456 1694 482 τῶν
1713 463 1733 481 π
1738 463 1783 497 ρο-

992 502 1078 537 τέρων
1090 495 1279 538 χαλεπώτερα,
1292 495 1399 534 πάντως
1413 501 1445 528 ἂν
1462 501 1534 536 ὑμᾶς
1546 501 1559 526 6
1571 498 1637 530 Θεὸς
1649 496 1693 524 διὰ
1704 495 1784 523 τοῦτο

992 545 1131 576 διέσωσεν,
1149 544 1191 571 ἵνα
1209 544 1246 580 μὴ
1260 545 1290 571 τὸ
1306 544 1391 579 ὄνομα
1414 543 1497 570 αὑτοῦ
1522 540 1673 577 βεϐηλωθῇ,
1688 539 1731 565 ἵνα
1747 538 1784 573 μὴ

995 586 1082 622 μέγας
1104 595 1146 618 τις
1166 588 1270 619 ἐκεῖνος
1293 585 1447 622 νομίζηται,
1465 584 1532 620 μηδὲ
1547 583 1613 618 εἴπῃ
1625 591 1677 614 τις,
1694 582 1734 607 ὃτι
1750 581 1784 607 δι’

993 630 1097 655 ἐκεῖνον
1111 629 1198 656 ταῦτα
1214 629 1339 656 ἐπάθετε.
1356 629 1388 655 Εἰ
1401 627 1455 662 γὰρ
1471 626 1594 660 φαίνεται
1609 623 1653 650 διὰ
1667 623 1716 659 τὴν
1726 623 1785 649 ἐαυ-

993 671 1040 697 τοῦ
1064 671 1143 704 δόξαν
1165 671 1200 698 τά
1225 672 1411 707 ἁμαρτήματα
1432 669 1509 705 ὑμῶν
1533 667 1672 705 παρορῶν,
1695 664 1786 707 πολλῷ

996 712 1094 747 μᾶλλον
1110 714 1142 739 ἂν
1159 713 1236 740 τοῦτο
1246 705 1362 748 ’ἐποίησε
1379 711 1436 744 νῦν,
1452 710 1499 737 καὶ
1510 710 1559 745 τὴν
1573 708 1679 743 σφαγὴν
1693 705 1786 733 ἀπεδέ-

995 753 1060 786 ξατο
1084 755 1196 790 ταύτην,
1217 756 1263 782 κοιλ¹
1290 754 1324 781 τὰ
1351 753 1438 780 πολλὰ
1467 752 1524 789 [ἂν]
1547 751 1625 787 ὑμῶν
1645 748 1786 786 ἐξήλειψεν

994 796 1280 832 ἀμαρτήματα.”οταν
1293 796 1321 823 δὲ
1335 795 1462 830 φαίνηται
1479 795 1519 826 εἰς
1537 793 1613 824 τέλος
1634 793 1705 827 ὑμᾶς
1720 791 1787 817 ἀπο-

996 840 1187 876 στρεφόμενος,
1202 839 1312 874 εΰδηλον
1325 839 1365 864 ὅτι
1382 837 1426 864 διὰ
1448 837 1497 872 τῆς
1512 835 1597 870 ὀργῆς
1611 834 1723 869 ταύτης,
1739 832 1787 876 καὶ

1059 874 1102 914 εἰς
1112 881 1189 913 τέλος
1203 879 1434 915 ὲγκαταλείψεως,
1452 878 1572 904 δείκνυσι
1590 877 1637 904 καὶ
1652 878 1708 908 τοῖς
1721 874 1788 917 σᾳότ

995 914 1046 958 δρα
1068 914 1301 958 ἀναισχυντοῦσιν,
1326 921 1366 948 ὅτι
1392 920 1452 955 οὐχὶ
1479 918 1634 955 παράνομός
1655 925 1697 948 τις
1773 915 1789 941 ὁ

996 965 1121 999 σφαγεὶς,
1138 964 1195 991 ἀλλ’
1212 964 1292 995 αὐτὸς
1317 963 1331 989 6
1354 962 1512 998 νομοθέτης,
1535 961 1584 988 καὶ
1607 959 1660 986 τῶν
1684 957 1789 993 μυρίων

995 1006 1107 1042 ἀγαθῶν
1121 1007 1207 1038 αἴτιος
1221 1007 1237 1032 6
1251 1006 1482 1042 παραγενόμενος.
1496 1003 1545 1030 Διὰ
1556 1003 1635 1030 τοῦτο
1648 1002 1672 1028 οἱ
1688 1001 1736 1036 μὲν
1750 1000 1790 1030 εἰς

996 1050 1078 1077 αὑτὸν
1092 1050 1276 1086 ἀσεϐήσαντες
1292 1050 1381 1085 ὑμεῖς,
1399 1049 1427 1074 ὲν
1443 1047 1521 1084 ὕϐρει
1537 1047 1584 1073 καὶ
1599 1044 1707 1080 ἀτιμία,
1721 1044 1746 1070 οἱ
1761 1043 1790 1069 δὲ

996 1093 1214 1129 προσκυνοῦντες
1227 1093 1308 1119 αὐτὸν
1316 1093 1407 1127 ἡμεῖς,
1418 1091 1576 1126 ἀτιμότεροι
1592 1089 1701 1116 πάντων
1712 1086 1790 1129 ὑμῶν

997 1128 1152 1172 ἔμπροσθεν
1176 1135 1264 1167 ὄντες,
1279 1135 1323 1161 διὰ
1338 1135 1387 1170 τὴν
1401 1133 1448 1160 τοῦ
1470 1132 1545 1169 [656]
1561 1131 1629 1158 Θεοῦ
1647 1128 1792 1172 χάριν-καὶ

998 1170 1157 1213 σεμνότεροι
1180 1178 1288 1204 πάντων
1312 1176 1390 1211 ὑμῶν
1407 1177 1490 1210 ὲσμεν
1507 1174 1564 1205 νῦν,
1582 1173 1628 1199 καὶ
1643 1173 1672 1198 ὲν
1688 1170 1790 1207 μείζονι

997 1221 1063 1256 τιμῇ
1079 1219 1300 1255 καθεστήκαμεν.
1310 1218 1364 1245 Καὶ
1376 1217 1459 1245 πόθεν
1472 1217 1550 1253 δῆλον
1563 1216 1603 1242 ὅτι
1616 1213 1790 1249 ἀπεστράφη,

999 1263 1091 1297 φησὶν,
1109 1263 1183 1297 ἡμᾶς
1205 1262 1219 1287 6
1240 1261 1320 1292 Θεὸς;
1335 1261 1421 1294 Λόγου
1438 1259 1492 1295 γὰρ
1507 1258 1546 1285 ἔτι
1563 1256 1642 1293 χρεία
1658 1255 1705 1297 καῖ
1725 1255 1792 1282 ἀπο-

998 1296 1125 1335 δείξεωςξ
1144 1302 1205 1329 εἰπέ
1221 1311 1277 1337 μοι.
1293 1301 1353 1329 Τῶν
1368 1301 1539 1336 πραγμάτων
1553 1299 1642 1326 αὐτῶν
1658 1296 1791 1332 βοώντων,

1000 1346 1046 1372 καὶ
1058 1345 1207 1379 σάλπιγγος
1218 1344 1411 1380 λαμπροτέραν
1423 1342 1556 1377 ἀφιέντων
1569 1340 1672 1376 φωνὴν,
1687 1338 1731 1365 διὰ
1742 1338 1792 1371 τῆς

1000 1387 1182 1422 κατασκαφῆς
1196 1386 1245 1421 τῆς
1259 1386 1330 1413 κατὰ
1343 1385 1390 1421 τὴν
1400 1385 1488 1418 πόλιν,
1504 1383 1548 1410 διὰ
1560 1384 1609 1419 τῆς
1627 1380 1794 1417 ἐρημώσεως

1000 1428 1047 1455 τοῦ
1063 1428 1139 1461 ναοῦ,
1158 1428 1204 1454 καὶ
1219 1428 1262 1454 διὰ
1278 1427 1332 1455 τῶν
1346 1427 1433 1454 ἄλλων
1448 1427 1576 1454 ἁπάντων
1592 1424 1647 1451 τῶν
1663 1424 1703 1454 είς
1721 1422 1794 1458 ὑμᾶς

1003 1469 1224 1505 συμϐεϐηκότων,
1241 1469 1281 1495 ἔτι
1295 1469 1339 1496 διὰ
1349 1469 1436 1503 λόγων
1455 1467 1591 1500 ἀπόδειξιν
1604 1465 1757 1500 ἐπιζητεῖτε
1767 1462 1794 1492 δι

1008 1512 1076 1539 Ἀλλ’
1094 1511 1243 1546 ἄνθρωποι,
1266 1511 1342 1546 φησὶ,
1360 1510 1447 1537 ταῦτα
1468 1510 1535 1545 ἡμῖν
1552 1509 1704 1543 ἐπήγαγον,
1719 1506 1768 1541 οὐχ
1780 1505 1795 1531 6

1002 1554 1078 1585 Θεός.
1096 1553 1221 1580 Μάλιστα
1240 1552 1289 1588 μὲν
1305 1550 1351 1579 οὖν
1374 1553 1388 1578 6
1402 1552 1468 1583 Θεὸς
1485 1550 1572 1577 ταῦτα
1590 1549 1747 1584 εἰργάσατο.
1762 1547 1795 1573 Εἰ

1001 1595 1030 1622 δὲ
1050 1594 1203 1631 ἀνθρώποις
1220 1594 1305 1620 ταῦτα
1325 1593 1432 1629 λογίζῃ,
1450 1593 1586 1628 σκόπησον
1602 1591 1682 1617 πάλιν
1696 1590 1793 1620 ἐκεῖνο.

1003 1639 1044 1665 ὃτι
1059 1638 1107 1665 καὶ
1120 1637 1267 1673 ἅνθρωποι,
1292 1637 1315 1662 εἰ
1332 1636 1370 1671 μὴ
1384 1635 1422 1670 τῷ
1439 1634 1498 1670 Θεῷ
1512 1633 1607 1661 δοκοῦν
1620 1631 1653 1669 ἦν
1667 1632 1755 1664 τοῦτο,
1770 1631 1795 1657 εἰ

1003 1681 1050 1706 καὶ
1074 1679 1205 1713 ἐτόλμων,
1221 1679 1272 1704 οὐκ
1290 1678 1322 1704 ἂν
1341 1677 1453 1712 ἴσχυσαν
1476 1677 1515 1707 είς
1540 1675 1626 1711 πέρας
1642 1674 1711 1701 αὐτὰ
1725 1674 1795 1708 ἀγα-

1003 1721 1141 1755 γεῖν.’¹οτε
1158 1719 1223 1754 γοῦν
1237 1719 1286 1755 τὴν
1299 1718 1418 1754 Περσίδα
1433 1719 1524 1744 πᾶσαν
1542 1717 1615 1751 ἄγων
1625 1722 1635 1735 ε
1651 1715 1767 1751 ἐπῆλθεν
1781 1715 1796 1742 6

1005 1763 1154 1798 βάρϐαρος,
1164 1762 1211 1788 καὶ
1221 1761 1250 1794 ἐξ
1263 1760 1414 1797 ἐπιδρομῆς
1426 1760 1550 1790 ἅπαντας
1564 1758 1696 1794 λήψεσθαι
1711 1765 1796 1792 προσ-

1004 1805 1130 1840 εδόκησε,
1144 1804 1192 1831 καὶ
1206 1803 1332 1839 καθάπερ
1341 1804 1369 1829 ὲν
1386 1803 1490 1838 σαγήνῃ
1505 1803 1557 1828 τινὶ
1569 1801 1614 1828 καὶ
1628 1800 1746 1832 δικτύοις
1757 1800 1797 1832 εἰς

1004 1846 1054 1882 τὴν
1069 1846 1145 1873 πόλιν
1161 1846 1283 1877 ἅπαντας
1294 1842 1352 1880 εἶχε
1366 1843 1630 1879 συγκεκλεισμένους
1640 1851 1646 1858 '
1664 1843 1724 1878 οὐχὶ
1736 1843 1797 1868 τότε

1004 1890 1048 1926 δὴ,
1065 1890 1136 1922 τότε,
1155 1889 1248 1925 ἐπειδὴ
1262 1889 1276 1914 6
1291 1888 1356 1920 Θεὸς
1375 1888 1453 1919 ἵλεως
1464 1885 1508 1923 ἦν,
1522 1887 1605 1922 χωρὶς
1622 1886 1740 1921 πολέμου
1751 1885 1797 1911 καὶ

1008 1933 1098 1969 μάχης
1117 1933 1164 1959 καὶ
1179 1931 1315 1966 συμϐολῆς
1330 1929 1427 1957 ἑκατὸν
1441 1929 1604 1965 ὀγδοήκοντα
1618 1928 1698 1955 πέντε
1710 1927 1795 1962 χιλιάλ

1005 1975 1052 2007 δας
1079 1974 1253 2011 στρατιωτῶν
1283 1973 1397 2008 νεκροὺς
1427 1971 1507 2007 ἀφεὶς
1532 1972 1596 2008 παρ’
1613 1972 1688 2006 ὑμῖν,
1712 1969 1798 2002 οὕτως

1006 2017 1117 2052 ἔφυγεν,
1133 2015 1258 2051 ἀγαπῶν,
1274 2016 1299 2042 εί
1314 2014 1458 2048 διασωθείη
1478 2013 1576 2048 μάνος;
1594 2013 1649 2040 Καὶ
1665 2012 1759 2043 ἄλλους
1770 2011 1798 2038 δὲ

1008 2059 1121 2095 μυρίους
1141 2058 1278 2092 πολέμους
1299 2056 1385 2088 οὕτως
1399 2056 1506 2091 ἔκρινεν
1532 2055 1546 2081 6
1569 2054 1636 2087 Θεὸς
1657 2054 1796 2085 πολλάκις.

1007 2101 1088 2127 Ὥστε
1102 2100 1149 2127 καὶ
1163 2100 1220 2132 νῦν,
1234 2099 1257 2125 εἰ
1273 2098 1310 2134 μὴ
1321 2097 1401 2129 αὐτὸς
1411 2095 1445 2133 ἦν
1458 2099 1472 2124 6
1487 2096 1615 2130 καθάπαξ
1627 2097 1698 2131 ὑμᾶς
1708 2097 1797 2131 ἀφεὶς,

1006 2145 1056 2171 οὐκ
1073 2144 1107 2170 ἂν
1123 2143 1234 2178 ἴσχυσαν
1255 2142 1279 2168 οἱ
1296 2141 1346 2177 τὴν
1366 2140 1442 2167 πόλιν
1459 2139 1536 2175 ὑμῶν
1556 2139 1727 2171 καθελόντες,
1753 2140 1799 2166 καὶ

1006 2187 1052 2213 τον
1069 2185 1131 2212 ναὸν
1143 2183 1347 2220 ἐρημώσαντες,
1358 2183 1407 2209 οὐκ
1423 2182 1455 2209 ἂν
1469 2183 1551 2219 μέχρι
1562 2181 1689 2208 τοσούτου
1704 2180 1737 2207 τά
1750 2181 1799 2216 τῆς

1008 2228 1126 2264 ἐρημίας
1147 2227 1268 2262 ἔμεινεν·
1290 2226 1341 2252 οὐκ
1355 2225 1398 2257 ἂν,
1421 2225 1552 2255 πολλάκις
1573 2223 1650 2259 ὑμῶν
1665 2224 1798 2259 ἐπιχειρη-

1008 2271 1124 2304 σάντων,
1141 2269 1271 2304 ἀνόνητος
1288 2269 1305 2304 ἡ
1319 2267 1490 2303 ἐπιχείρησις
1502 2266 1623 2301 γέγονεν.

1043 2390 1074 2417 δ’.
1087 2389 1144 2416 Οὐκ
1155 2387 1279 2415 ἐντεῦθεν
1293 2387 1321 2414 δὲ
1334 2386 1424 2422 μόνον,
1438 2384 1505 2412 ἀλλὰ
1515 2385 1562 2412 καὶ
1577 2383 1710 2419 ἑτέρωθεν
1727 2383 1800 2418 ὑμᾶς

1009 2434 1100 2459 πεῖσαι
1114 2431 1292 2468 πειράσομαι,
1310 2430 1349 2456 ὅτι
1364 2429 1414 2455 οὐκ
1436 2427 1524 2463 οἰκείᾳ
1539 2427 1654 2462 δυνάμει
1668 2425 1801 2460 ἐποίησαν

1008 2477 1076 2511 ὅπερ
1091 2475 1223 2510 ἐποίησαν
1237 2474 1276 2505 είς
1292 2473 1364 2508 ὑμᾶς
1381 2471 1405 2498 οἱ
1429 2470 1549 2507 βασιλεῖς
1567 2468 1719 2511 Ῥωμαίων,
1732 2468 1800 2511 ἀλλά

1009 2510 1115 2553 διὰξτὴν
1128 2517 1213 2553 ὀργὴν
1227 2515 1274 2542 τοῦ
1289 2514 1355 2541 Θεοῦ
1370 2514 1418 2540 καὶ
1431 2513 1482 2548 τὴν
1495 2511 1578 2539 αὑτοῦ
1595 2510 1796 2545 ὲγκτλιτάλειψινΔ

1009 2562 1041 2588 Εἰ
1053 2560 1107 2596 γὰρ
1122 2558 1273 2595 ἀνθρώπων
1286 2555 1320 2593 ἦν
1334 2558 1414 2592 ἔργον
1434 2556 1463 2582 τὸ
1480 2555 1636 2590 γενόμενον,
1649 2554 1702 2579 ἔδει
1719 2553 1800 2588 μέχρι

1009 2604 1058 2639 τῆς
1070 2595 1197 2633 ἁλώσεως
1213 2600 1308 2634 στῆναι
1324 2600 1358 2626 τά
1375 2599 1507 2634 ὑμέτερα,
1525 2597 1572 2624 καὶ
1589 2597 1625 2632 μὴ
1646 2595 1801 2631 περαιτέρω

1009 2638 1150 2681 προελθεῖν
1164 2643 1241 2678 ὑμῶν
1264 2642 1313 2676 τὴν
1334 2641 1456 2677 ἀτιμίαν.
1476 2639 1585 2666 Κείσθω
1598 2639 1652 2674 γὰρ
1668 2638 1739 2664 κατά
1754 2646 1801 2664 τον

1010 2680 1142 2722 ὑμέτερον
1156 2685 1245 2719 λόγον,
1260 2685 1301 2711 ὅτι
1314 2683 1348 2710 τὰ
1362 2682 1438 2719 τείχη
1454 2681 1628 2716 κατέσκαψαν
1648 2680 1672 2706 οἱ
1694 2680 1800 2715 ἄνθρω-

1011 2721 1067 2762 ποι,
1085 2721 1132 2755 καὶ
1144 2728 1193 2763 τὴν
1210 2727 1287 2753 πόλιν
1300 2725 1434 2757 καθεῖλον,
1454 2724 1501 2750 καὶ¹
1522 2723 1567 2749 τὸν
1582 2722 1673 2758 βωμὸν
1690 2721 1800 2757 ἀνέτρε-

1040 2828 1055 2848 b
1069 2829 1135 2858 Hac,
1147 2829 1195 2852 τῶν
1207 2829 1238 2856 εἷς
1247 2829 1308 2858 ὑμᾶς
1316 2826 1510 2857 συμϐεήκότων,
1523 2825 1557 2850 ἔτι
1570 2825 1608 2849 διὰ
1619 2825 1695 2856 λόγων
1703 2823 1801 2848 ἀπόδει-

1011 2861 1042 2888 ξιν
1054 2859 1192 2888 ἐπιζητεῖτε.
1206 2859 1297 2883 dcsunl
1308 2859 1331 2882 in
1344 2859 1431 2889 de'cem
1442 2863 1506 2889 ms§.r
1664 2885 1676 2889 η
1748 2883 1753 2888 γ

1034 2892 1053 2927 ἐ
1066 2885 1132 2945 ιὲξήἐ
1143 2891 1289 2921 scripturam
1301 2890 1395 2914 nolam
1406 2886 1489 2913 Moull‘.
1501 2888 1527 2912 in
1539 2889 1609 2911 lexlu
1622 2885 1732 2910 scribens
1744 2885 1798 2913 ἀγα-

1034 2930 1065 2945 υἾ.
1099 2927 1146 2944 ΒΚΤ.

1010 2929 1065 2952 γων.
1079 2928 1146 2945 mur.
