2043 3116
181 123 232 157 009

178 191 234 214 tare
248 185 397 221 dejectum;
420 193 482 213 num
497 190 524 213 et
547 185 612 214 illud
635 185 668 213 ab
688 184 838 212 hominibus
858 183 967 215 factum,

175 231 246 266 quod
263 231 397 267 prophetae
420 231 579 259 cessarunt?
601 231 670 259 Num
688 235 716 258 et
736 230 844 266 spiritus
857 230 968 265 gratiam

175 278 357 305 sustulerunt?
369 277 436 305 Num
453 277 503 304 alia
515 285 573 312 qum
587 276 656 311 apud
666 284 714 304 vos
731 276 805 304 fuere
819 275 969 303 veneranda

174 325 372 356 destruxerunt,
393 323 473 350 veluti
497 331 589 350 vocem
615 323 649 350 de
677 322 858 357 propitiatorio
881 320 967 353 reddi,

176 371 228 397 vim
243 370 383 401 unctionis,
402 369 607 396 declarationem
621 376 680 404 qum
696 368 775 396 ﬁebat
795 369 822 395 in
837 367 968 402 lapidibus

175 415 320 443 sacerdotis
328 414 340 442 ?
348 414 440 450 Neque
448 415 518 442 enitn
531 414 544 442 J
549 415 638 441 udaica
649 415 742 449 religio
750 413 864 448 origines
875 421 968 440 omnes

177 460 290 487 habebat
298 468 331 487 ex
344 460 523 491 inferioribus,
533 460 578 487 scd
588 460 676 495 plures
687 467 718 487 ac
728 459 968 494 magniﬁcentiores

176 514 291 541 superne
306 514 321 533 e
339 506 422 533 cmlis.
438 506 557 541 Exempli
571 513 650 533 causa
667 515 674 533 :
696 506 818 540 permisit
839 505 967 533 sacrilieia

175 552 242 578 lieri.
264 551 354 578 Allare
379 551 485 586 quidem
499 555 557 579 erat
577 551 654 582 inira,
681 551 797 585 itemque
818 550 922 585 gladius
941 555 968 578 et

175 598 255 632 ligna,
280 605 383 625 necnon
405 597 550 625 sacerdos:
571 602 697 625 caeterum
712 597 779 632 ignis
799 601 925 624 venturus
941 596 967 624 in

174 643 251 678 adyta
267 643 323 677 illa,
338 644 510 677 victimasque
523 646 742 678 consumpturus,
758 649 774 670 e
788 642 909 677 supernis
919 641 967 669 ha-

174 689 253 716 bebat
266 688 406 723 originem.
426 688 481 716 Nec
500 689 570 715 enim
587 689 666 715 homo
687 687 817 715 inferebat
838 688 923 722 ignem
939 687 966 714 in

174 733 312 768 templum,
325 734 371 761 sed
384 734 490 761 llamma
500 741 516 761 e
528 734 634 761 sublimi
651 733 769 760 immissa
781 733 904 761 sacriﬁcii
915 733 965 760 mi-

173 779 312 807 nisterium
327 779 484 814 complebat.
505 779 622 806 Rursum
641 780 663 806 si
684 779 789 814 quando
803 785 966 814 cognoscen-

173 825 235 852 dum
251 830 308 853 erat
318 825 416 860 aliquid
429 833 445 852 e
460 824 653 859 propitiatorio,
669 832 721 851 vox
732 824 862 859 quaepiam
880 831 895 850 e
907 831 964 850 tne-

172 871 215 898 dio
234 870 378 898 Cherubim
396 871 527 906 prodibat,
548 870 696 905 praedicens
717 870 813 897 futura.
832 869 933 896 Rursus
950 877 965 896 e

172 916 302 950 lapidibus
316 916 361 950 qui
375 920 451 943 erant
469 916 494 943 in
519 920 625 951 pectore
647 915 743 942 summi
757 915 915 948 sacerdotis,
939 914 964 941 id

172 962 301 989 vocabant
315 962 533 995 declarationem,
547 962 682 990 relucebat
702 962 787 996 fulgor
801 961 907 996 quidam
921 961 964 988 l'u-

171 1015 229 1035 tura
244 1008 405 1044 significans.
427 1009 558 1037 Praeterea
574 1009 678 1044 quoties
691 1013 762 1036 esset
773 1008 869 1042 aliquis
886 1007 964 1034 iuun-

169 1054 282 1088 gendus,
294 1054 436 1082 devolabat
450 1055 559 1090 spiritus
569 1054 664 1089 gratia,
678 1058 704 1081 et
717 1053 805 1080 oleum
819 1053 962 1081 insilicbat.

169 1101 232 1128 llme
244 1105 332 1128 autem
346 1101 565 1128 administrabant
580 1100 727 1135 prophetae.
743 1100 811 1133 Quin
827 1104 854 1126 et
866 1100 962 1127 nebula

168 1146 321 1181 frequenter
331 1150 357 1173 et
369 1145 456 1173 fumus
469 1146 546 1181 adyta
560 1146 715 1181 occupabat.
730 1145 821 1180 Itaque
835 1153 868 1172 ne
878 1145 963 1172 Judaei

169 1191 292 1225 perit-icta
307 1191 394 1219 fronte
409 1191 562 1219 hominibus
576 1192 736 1226 imputarent
751 1198 858 1218 suarum
872 1198 962 1217 rerum

169 1237 354 1269 vastationem,
378 1245 432 1264 non
455 1236 541 1264 solum
561 1237 695 1264 civitatem
719 1237 789 1263 Deus
808 1243 902 1271 passus
921 1240 963 1263 est

168 1282 247 1316 dirui,
272 1289 304 1309 ac
328 1283 454 1317 templum
480 1283 589 1314 vastari,
612 1290 703 1309 verum
723 1283 802 1309 etiam
825 1281 880 1315 illa,
903 1289 962 1316 quae

167 1328 270 1355 cmlitus
284 1328 417 1356 habebam
429 1329 575 1364 originem,
597 1336 613 1356 e
626 1329 713 1356 medio
726 1328 843 1361 sustulit,
865 1327 960 1355 videli-

167 1378 210 1400 cet
225 1374 322 1408 ignem,
333 1381 436 1406 vocem,
452 1382 467 1401 e
477 1374 607 1409 lapidibus
616 1373 689 1401 reddi
703 1374 808 1401 solitum
820 1372 959 1407 fulgorem,

166 1425 194 1446 et
203 1420 280 1455 hujus
290 1421 394 1456 generis
405 1420 455 1447 alia
464 1421 594 1448 universa.
606 1420 719 1447 Proinde
728 1427 787 1446 cum
798 1419 843 1446 tibi
852 1418 961 1446 Judtnus

167 1466 273 1499 dixerit,
289 1466 410 1494 homines
421 1467 496 1493 nobis
509 1466 606 1494 bellum
621 1466 775 1497 intulerunt.
788 1465 961 1492 hominesin-

166 1510 253 1538 sidiati
267 1515 338 1543 sunt,
355 1510 438 1538 dicito
459 1511 494 1537 illi
515 1519 521 1537 :
540 1510 657 1545 profecto
670 1518 724 1537 non
739 1510 837 1537 bellum
857 1509 961 1537 intulis-

166 1562 225 1583 sent
238 1555 369 1589 homines,
386 1556 436 1583 nisi
450 1556 521 1584 Deus
536 1556 586 1583 hoe
599 1556 774 1591 permisisset.
790 1556 889 1583 Verum
903 1560 961 1583 esto

166 1610 240 1634 sane,
268 1610 372 1629 murum
395 1607 513 1629 vestrum
536 1602 666 1629 diruerint
691 1602 823 1633 homines,
847 1609 910 1628 num
934 1606 962 1629 et

166 1647 253 1681 ignem
268 1654 299 1674 ex
315 1647 370 1673 alto
388 1647 483 1674 devehi
498 1648 582 1675 vetuit
596 1647 694 1674 homo?
706 1647 774 1674 Num
786 1655 877 1674 vocem
894 1646 961 1673 assi-

166 1693 217 1719 due
238 1700 270 1719 cx
291 1691 474 1726 propitiatorio
495 1691 578 1718 audiri
599 1691 705 1718 solitam
725 1691 839 1717 inhibuit
858 1690 960 1717 honto?

167 1746 229 1764 num
258 1738 464 1765 declarationem
489 1737 516 1764 in
537 1737 668 1772 gemmis?
686 1744 748 1764 num
765 1736 959 1764 sacerdotalem

167 1784 338 1811 unctionem?
352 1791 414 1810 num
425 1788 520 1810 cretera
534 1783 620 1810 omnia
632 1783 739 1810 sustulit
751 1783 849 1809 homo?
864 1783 960 1809 Annon

167 1830 237 1857 Deus
264 1830 320 1856 hmc
341 1829 430 1857 omnia
453 1829 579 1856 sustulit?
600 1829 702 1856 Nemini
723 1837 776 1856 non
792 1829 959 1864 perspicuum

166 1879 224 1907 est;
240 1875 285 1902 sed
302 1883 352 1910 qua
373 1875 407 1902 de
426 1882 504 1902 causa
527 1874 651 1901 sustulit?
671 1875 767 1901 Annon
790 1874 959 1902 manifestum

167 1925 207 1947 est
232 1919 291 1947 ideo
319 1920 433 1953 iecisse,
465 1920 536 1955 quod
558 1927 605 1947 vos
624 1920 737 1952 odisset,
761 1920 884 1955 quodque
911 1927 959 1954 pe-

167 1966 237 1993 nitus
257 1966 442 1993 aversaretur?
460 1965 642 2000 Nequaquam,
669 1966 800 2000 inquiunt,
826 1966 874 1993 sed
894 1973 961 2000 quo-

168 2014 237 2038 niam
265 2011 404 2046 metropoli
437 2018 575 2044 carcmus,
595 2011 655 2038 ideo
677 2018 798 2038 caremus
829 2016 855 2038 et
884 2011 957 2039 istis:

166 2064 215 2083 cur
229 2064 292 2084 vero
309 2056 353 2083 illa
372 2056 490 2084 caretis?
511 2056 602 2084 Nonne
621 2056 683 2091 quia
702 2063 749 2083 vos
764 2056 837 2084 Deus
861 2056 959 2084 dereli-

165 2104 232 2137 quit.

201 2147 272 2175 Deus
296 2147 422 2183 indignius
434 2149 490 2175 tulit
504 2148 597 2176 Clariin
615 2157 716 2182 necem,
731 2157 807 2185 quam
824 2149 896 2177 vituli
908 2150 959 2176 ad—

167 2193 428 2227 orationem.——Quin
446 2194 544 2229 potius,
560 2199 588 2222 ut
604 2195 711 2222 uberius
724 2195 886 2230 impudentia
902 2196 960 2223 illo-

167 2249 225 2268 rum
239 2248 285 2268 ora
299 2241 452 2269 claudamus
468 2250 475 2268 :
489 2249 537 2276 age
551 2246 578 2269 et
598 2241 649 2269 hoc
668 2242 864 2277 Scripturarum
884 2243 960 2269 testi-

168 2288 264 2315 moniis
274 2288 497 2322 demonstremus,
509 2288 580 2323 quod
596 2288 685 2323 templi
698 2289 802 2316 eversio
816 2296 867 2315 non
881 2288 961 2316 fuerit

167 2340 245 2360 cattsa
263 2333 450 2361 destruetionis
463 2339 620 2361 czeterorum
634 2341 648 2360 a
668 2334 803 2368 prophetis
817 2334 958 2369 praedictas,

167 2379 214 2406 sed
229 2379 267 2406 ira
280 2379 338 2412 Dei,
353 2384 379 2407 et
395 2379 465 2415 quod
481 2380 565 2414 magis
578 2380 659 2407 etiam
674 2380 759 2414 ipsum
775 2379 903 2406 irritarint
918 2379 958 2406 itt-

167 2424 302 2452 sanientes
319 2425 346 2452 in
360 2425 494 2452 Christum
506 2446 513 2458 ,
529 2433 608 2460 quam
632 2430 687 2452 tum
710 2432 769 2451 cum
786 2424 896 2451 vitulum
912 2424 959 2452 ad-

167 2475 282 2498 orarent.
297 2470 363 2498 Nam
378 2478 438 2498 cum
451 2471 641 2498 vaticinaretur
655 2470 751 2503 Moses,
769 2478 818 2497 nec
832 2470 958 2505 templum

166 2521 224 2544 erat
235 2538 242 2550 ,
257 2525 307 2544 nec
322 2516 423 2549 altare;
438 2517 484 2544 sed
501 2525 559 2545 cum
575 2517 749 2552 persisterent
768 2517 794 2543 in
815 2517 960 2544 innumeris

167 2563 345 2597 impietatibus
355 2584 362 2596 ,
379 2568 466 2590 tamen
488 2563 635 2598 prophetiae
650 2562 748 2590 donum
769 2569 820 2590 non
835 2562 958 2590 cessavit.

170 2609 267 2636 Verum
280 2613 307 2636 et
319 2609 362 2636 hic
384 2609 440 2643 ipse
462 2617 572 2643 magnus
585 2613 664 2643 atque
677 2608 798 2643 egregius
812 2608 861 2639 vir,
877 2612 903 2635 et
916 2608 960 2634 alii

166 2662 259 2683 rursus
283 2659 379 2690 praeter
400 2654 471 2682 lntnc
492 2655 657 2690 septuaginta
682 2659 736 2681 tum
754 2655 879 2681 exstitere
901 2662 962 2688 pro-

167 2704 255 2735 p'ietac
272 2708 278 2726 :
295 2707 343 2727 nec
358 2700 383 2726 id
399 2699 483 2726 solum
495 2721 502 2732 ,
518 2708 608 2727 verum
621 2704 648 2727 et
661 2703 720 2734 post
731 2699 820 2726 datum
836 2699 960 2733 templum

167 2746 348 2780 reliquamque
362 2749 443 2773 totam
456 2745 596 2780 culturam,
607 2745 703 2773 deinde
714 2745 765 2772 hoc.
778 2745 885 2771 incenso
898 2753 962 2771 cutt-

167 2792 270 2827 ctisque
284 2792 407 2826 sublatis,
424 2792 450 2819 in
465 2792 600 2828 Babylone
616 2800 707 2819 rursus
722 2791 882 2819 exstiterunt
894 2791 962 2818 Eze-

170 2838 238 2866 thiel
252 2843 276 2866 ct
292 2839 394 2872 Daniel,
407 2839 450 2873 qui
464 2846 523 2867 cum
538 2845 586 2866 nec
600 2842 689 2866 sancta
703 2841 854 2865 sanctorum
866 2836 966 2872 aspice-

780 126 963 155 ADVERSUS
981 125 1132 154 JUDEOS.
1155 125 1198 153 Vl.

1765 139 1817 166 910

1024 187 1094 214 rent,
1108 190 1156 210 nec
1170 183 1246 210 altari
1262 185 1426 219 assisterent,
1442 187 1487 214 sed
1501 187 1526 215 in
1542 187 1628 216 media
1641 189 1813 218 barbarorum

1024 228 1132 263 regione
1146 233 1174 256 et
1189 229 1353 264 impurorum
1374 231 1511 259 hominum
1533 235 1669 261 consortio
1687 241 1797 270 agerent
1808 256 1818 269 ,

1023 272 1116 308 spiritu
1137 274 1230 308 repleti
1254 274 1341 302 futura
1365 277 1559 311 praedicabant,
1581 279 1659 314 idque
1678 280 1712 307 de
1735 281 1816 308 rebus

1023 318 1107 346 multo
1121 323 1175 346 tum
1192 319 1309 354 pluribus
1319 341 1327 353 ,
1343 325 1397 348 tum
1412 322 1651 351 admirabilioribus
1664 333 1742 360 quant
1756 334 1816 360 qua:

1023 370 1215 400 prazcesserant
1231 375 1237 392 :
1253 373 1285 393 ac
1298 366 1414 394 divinam
1430 369 1558 396 visionem
1573 370 1703 402 viderunt,
1719 377 1814 405 quate-

1023 419 1072 438 nus
1086 411 1149 446 ipsis
1162 412 1253 439 videre
1271 413 1354 440 licuit.
1377 413 1466 448 Itaque
1479 414 1559 442 dicite
1573 416 1653 448 mihi,
1667 424 1750 451 quare
1762 424 1814 444 non

1022 456 1125 484 habetis
1140 465 1209 484 nunc
1224 458 1385 492 prophetas?
1400 460 1495 487 Annon
1508 461 1678 495 perspicuum
1692 467 1732 489 est
1747 461 1815 488 hanc

1021 510 1080 530 esse
1105 511 1230 536 causam,
1251 505 1320 539 quod
1343 505 1411 533 Deus
1431 512 1516 533 vestra
1535 512 1672 534 aversatus
1693 508 1747 534 sit?
1762 508 1814 535 Sed

1020 556 1100 583 quam
1115 549 1149 575 ob
1166 557 1272 576 causam
1289 558 1335 577 vos
1354 555 1490 578 aversatus
1508 552 1566 579 est?
1583 552 1689 579 Clarum
1709 553 1772 580 item
1788 559 1815 580 et

1020 593 1071 621 hoc
1081 615 1087 625 .
1102 595 1172 629 quod
1187 595 1221 622 ob
1234 595 1307 622 illum
1320 596 1476 623 cruciﬁxum
1488 618 1495 630 ,
1509 601 1536 625 et
1551 598 1659 632 impium
1674 599 1737 625 illud
1753 599 1808 626 faci-

1020 647 1079 667 nus.
1095 640 1169 668 Unde
1183 641 1234 668 hoc
1249 642 1340 676 liquet,
1356 642 1460 676 inquis?
1474 643 1513 669 Ex
1532 642 1591 675 hoc,
1607 643 1677 678 quod
1690 651 1750 670 cum
1765 651 1814 670 an-

1020 687 1097 714 tehac
1118 687 1198 721 impie
1218 688 1360 721 viveretis,
1381 688 1446 715 nihil
1468 696 1520 715 non
1543 688 1722 721 obtinebatis;
1744 697 1814 717 nunc

1019 741 1083 760 vero
1097 741 1157 760 cum
1173 733 1315 761 videamini
1335 734 1482 762 modestius
1502 735 1592 762 vivere
1611 739 1670 769 post
1688 743 1811 768 crucem,

1019 779 1133 813 majores
1150 779 1222 806 luitis
1235 786 1338 813 ptenas,
1353 788 1439 813 neque
1454 780 1595 815 quidquam
1606 788 1697 807 eorum
1708 781 1813 807 contin-

1017 823 1056 858 git
1068 823 1177 856 habere,
1190 832 1249 858 quae
1264 825 1337 858 prius
1353 825 1500 852 habebatis.

1053 869 1079 897 5.
1101 869 1143 896 Ea:
1160 870 1289 904 prophetis
1307 870 1428 905 probatur
1445 871 1532 905 futura
1548 871 1690 905 reprobatio
1707 870 1813 898 Judwo-

1017 923 1084 942 rum.
1096 930 1133 935 —
1146 915 1180 943 Ut
1194 921 1280 942 autem
1293 921 1319 943 et
1334 916 1396 950 ipsis
1412 916 1552 951 prophetis
1569 916 1620 943 hoc
1635 917 1771 944 evidenter
1785 922 1813 944 et

1016 969 1142 996 expresse
1154 962 1364 995 testiﬁcantibus,
1380 963 1549 997 praesentium
1562 963 1691 990 malorum
1704 970 1811 989 causam

1017 1007 1183 1043 intelligatis,
1197 1008 1286 1035 audite
1299 1008 1361 1043 quid
1386 1008 1451 1035 dicit
1474 1008 1571 1042 Isaias,
1586 1008 1719 1044 quomodo
1741 1016 1810 1043 prae-

1016 1054 1080 1081 dicit
1095 1054 1173 1081 simul
1188 1058 1215 1082 et
1228 1059 1367 1081 venturam
1380 1054 1504 1082 omnibus
1518 1062 1567 1090 per
1580 1055 1713 1081 Christum
1729 1055 1811 1081 bene-

1016 1101 1164 1134 licentiam,
1178 1106 1205 1128 et
1217 1105 1332 1128 vestram
1349 1101 1574 1135 ingratitudinem.
1589 1101 1696 1134 Livore,
1711 1101 1810 1135 inquit.

1015 1146 1069 1181 ejus
1089 1154 1134 1173 uas
1157 1146 1240 1173 sanati
1260 1154 1346 1173 sumus
1359 1145 1414 1181 (Is.
1428 1146 1473 1173 55.
1487 1145 1523 1180 5)
1539 1155 1545 1173 :
1559 1146 1672 1172 salutem
1692 1146 1811 1173 indicans

1015 1199 1062 1226 per
1076 1199 1183 1219 crucem
1205 1192 1330 1219 omnibus
1351 1191 1478 1218 oblatam.
1500 1191 1599 1218 Deinde
1618 1191 1710 1226 quales
1728 1192 1811 1218 simus

1015 1245 1064 1265 nos
1085 1237 1204 1265 indicans
1215 1258 1223 1270 ,
1239 1237 1353 1272 subjecit
1368 1246 1375 1264 :
1392 1237 1485 1264 Omnes
1503 1242 1530 1264 ut
1548 1245 1605 1264 oves
1622 1238 1809 1270 aberravimus,

1014 1283 1089 1309 homo
1104 1283 1130 1309 in
1143 1282 1183 1309 eia
1196 1291 1242 1309 sua
1256 1283 1346 1309 erravit
1359 1282 1412 1319 (Ib.
1427 1291 1450 1309 υ.
1465 1283 1503 1317 6).
1519 1283 1585 1310 Tum
1600 1283 1686 1310 crucis
1700 1283 1809 1311 modum

1014 1328 1153 1362 explicans
1165 1348 1172 1361 ,
1188 1328 1227 1355 sic
1246 1328 1362 1362 loquitur
1378 1337 1384 1355 :
1401 1328 1472 1355 Sicut
1487 1329 1538 1355 ovis
1552 1328 1586 1354 ad
1600 1328 1747 1355 occisione»:
1761 1329 1810 1355 dr-

1014 1378 1070 1400 ctus
1083 1378 1134 1405 est,
1150 1377 1172 1400 et
1187 1377 1214 1399 ut
1228 1381 1309 1408 agnus
1323 1373 1349 1400 in
1362 1379 1498 1408 conspectu
1517 1373 1641 1400 tondentis
1660 1374 1743 1408 ipsum
1757 1374 1811 1401 sine

1013 1427 1073 1446 voce
1093 1419 1154 1454 fuit,
1170 1419 1207 1445 sic
1222 1427 1271 1445 non
1291 1419 1371 1454 aperit
1390 1427 1417 1445 os
1438 1427 1521 1446 suum.
1540 1418 1574 1445 In
1594 1419 1734 1446 humilitate
1756 1419 1811 1454 ejus

1008 1464 1136 1500 judicium
1156 1465 1210 1499 ejus
1230 1464 1355 1491 sublatum
1375 1469 1411 1491 est
1425 1464 1484 1500 (Ib.
1499 1473 1524 1491 υ.
1542 1465 1567 1491 7.
1583 1464 1629 1500 8).
1646 1465 1677 1491 Et
1692 1465 1736 1491 ubi
1753 1465 1810 1492 haec

1013 1511 1135 1538 evenisse
1150 1510 1212 1537 licet
1224 1510 1333 1538 videre?
1346 1510 1374 1537 In
1389 1510 1490 1538 nefario
1503 1511 1627 1545 praetorio
1641 1510 1728 1537 Pilati.
1742 1511 1808 1538 Cum

1013 1556 1085 1584 enim
1101 1560 1154 1583 tam
1170 1556 1262 1587 multa,
1275 1555 1368 1590 inquit,
1386 1556 1536 1582 testimonia
1551 1556 1700 1590 proferrent
1713 1555 1810 1582 adver-

1013 1609 1059 1629 sus
1072 1602 1170 1637 ipsum,
1184 1601 1249 1628 nihil
1264 1601 1302 1628 eis
1316 1601 1453 1636 respondit
1467 1601 1554 1629 Jesus.
1568 1602 1599 1628 Et
1611 1602 1678 1629 dixit
1689 1602 1721 1628 ad
1736 1602 1809 1628 illum

1014 1646 1115 1673 Prseses
1125 1666 1132 1678 ,
1147 1646 1227 1672 Audis
1240 1653 1314 1680 quam
1330 1646 1410 1672 multa
1430 1647 1457 1672 in
1476 1651 1499 1672 te
1515 1647 1678 1680 testiﬁcentur
1692 1646 1701 1682 (
1715 1646 1808 1673 Matth.

1012 1691 1057 1718 27.
1080 1689 1144 1727 l3)?
1166 1691 1265 1718 Verum
1287 1691 1352 1718 nihil
1373 1692 1522 1726 respondit,
1538 1692 1584 1719 sed
1600 1693 1686 1719 stabat
1701 1693 1807 1720 tacitus.

1013 1737 1069 1764 lloc
1081 1737 1144 1764 olim
1159 1738 1259 1764 etclitus
1269 1737 1373 1765 alllatus
1387 1738 1513 1773 propheta
1527 1738 1630 1766 dixerat
1647 1749 1653 1767 :
1670 1739 1742 1767 Sicut
1755 1740 1808 1767 ovis

1012 1782 1047 1809 ad
1061 1783 1210 1809 occisionem
1224 1783 1312 1810 ductus
1325 1788 1360 1810 est
1371 1804 1378 1815 ,
1396 1788 1417 1809 et
1430 1784 1494 1810 sicut
1506 1792 1585 1819 agnus
1600 1791 1685 1811 coram
1705 1793 1732 1811 se
1750 1790 1808 1812 ton-

1012 1829 1086 1855 dente
1099 1834 1182 1855 mutus
1197 1828 1273 1863 (Isai.
1288 1829 1332 1857 5‘5.
1346 1829 1383 1864 8).
1397 1830 1517 1857 Posthzec
1532 1837 1669 1864 exponens
1684 1830 1794 1865 iniquita
1804 1848 1811 1852 ς

1014 1878 1067 1901 tem
1086 1874 1112 1901 in
1134 1875 1259 1908 praetorio
1280 1879 1458 1909 perpetratam
1477 1874 1513 1902 ait
1529 1883 1536 1901 :
1552 1874 1586 1901 lu
1601 1875 1741 1902 humilitate
1755 1876 1809 1911 ejus

1007 1920 1136 1954 judicium
1148 1921 1202 1956 ejus
1215 1920 1340 1947 sublatum
1352 1926 1398 1948 est.
1413 1921 1498 1948 Nemo
1512 1926 1566 1948 tum
1581 1929 1614 1948 ex
1626 1921 1692 1957 juris
1707 1922 1808 1948 ratione

1012 1965 1046 1992 de
1061 1965 1106 1993 illo
1120 1966 1273 2001 sull‘ragium
1291 1967 1363 2000 tulit,
1380 1966 1425 1993 sed
1446 1967 1509 1993 l'alsa
1532 1967 1619 2001 potius
1633 1967 1761 1994 adversus
1778 1968 1809 1994 il-

1012 2010 1066 2037 lum
1086 2011 1248 2045 recipiebant
1263 2012 1422 2038 testimonia.
1439 2011 1467 2038 In
1487 2018 1565 2038 causa
1580 2016 1651 2044 erat,
1667 2012 1736 2045 quod
1751 2017 1804 2039 tum

1013 2055 1121 2082 nolebat
1134 2063 1194 2083 esse
1209 2057 1316 2083 vindex.
1332 2056 1397 2083 Nam
1414 2057 1435 2083 si
1451 2057 1587 2088 voluisset,
1603 2057 1690 2084 omnia
1705 2058 1810 2084 turbas—

1012 2105 1063 2131 set,
1077 2101 1317 2136 concussissetque.
1332 2101 1437 2128 Etenim
1452 2102 1473 2128 si
1490 2101 1514 2128 id
1530 2102 1666 2136 temporis,
1679 2110 1731 2137 quo
1745 2110 1808 2137 pett-

1011 2145 1091 2173 debat
1112 2147 1137 2173 in
1158 2154 1253 2179 cruce,
1270 2154 1332 2173 saxa
1349 2147 1470 2179 discidit,
1491 2148 1582 2174 orbem
1607 2152 1736 2175 terrarum
1757 2148 1806 2175 ob-

1013 2193 1147 2226 seuravit,
1162 2193 1227 2220 solis
1248 2193 1337 2220 radios
1356 2193 1469 2227 avertit,
1484 2199 1587 2221 noctem
1603 2194 1690 2221 medio
1704 2195 1746 2221 die
1761 2202 1808 2229 per

1013 2239 1162 2266 universam
1175 2244 1271 2266 terram
1285 2239 1399 2272 induxit,
1413 2239 1482 2266 idem
1496 2241 1625 2274 potuisset
1640 2240 1665 2267 in
1681 2241 1806 2275 prtctorio

1012 2284 1110 2312 facere.
1126 2284 1224 2312 Verum
1246 2284 1348 2318 noluit,
1364 2285 1594 2312 mansuetudinem
1615 2292 1646 2312 ac
1670 2285 1806 2312 lenitaletn

1012 2330 1151 2357 exhibens.
1165 2329 1227 2357 Ideo
1240 2330 1304 2357 dicit
1318 2339 1325 2358 :
1341 2329 1374 2356 In
1388 2330 1530 2356 humilitate
1542 2330 1597 2364 ejus
1611 2330 1738 2365 judicium
1753 2339 1807 2366 ejus

1012 2376 1136 2402 sublatum
1159 2380 1203 2403 est.
1227 2375 1327 2403 Deinde
1348 2376 1551 2408 demonstrans,
1570 2375 1640 2410 quod
1663 2383 1715 2402 non
1737 2381 1808 2403 esset

1012 2429 1080 2448 unus
1091 2421 1200 2456 quilibet
1213 2428 1228 2448 e
1241 2421 1329 2456 vulgo,
1343 2421 1454 2455 subjecit
1469 2430 1475 2448 :
1489 2420 1680 2448 Geuerationem
1691 2421 1744 2456 ejus
1754 2422 1808 2456 quis

1012 2466 1156 2494 euarrabit?
1166 2467 1230 2500 Quis
1240 2467 1310 2494 enirn
1322 2472 1373 2499 est,
1385 2467 1418 2494 de
1429 2474 1480 2502 quo
1491 2466 1552 2493 dicit
1565 2475 1571 2494 :
1582 2466 1690 2493 Tollitur
1700 2466 1731 2493 de
1742 2471 1809 2493 terra

1013 2514 1062 2540 vita
1074 2514 1149 2548 ejus?
1163 2513 1225 2540 ldeo
1238 2516 1264 2540 et
1277 2513 1375 2540 Paulus
1387 2513 1451 2540 dicit
1465 2521 1473 2540 τ
1492 2512 1548 2540 Vita
1563 2518 1648 2540 nostra
1661 2512 1808 2540 abscondita

1012 2566 1049 2587 est
1063 2568 1120 2586 cum
1138 2559 1237 2587 Christo
1257 2560 1283 2586 in
1306 2559 1368 2586 Deo.
1388 2559 1451 2585 Cum
1472 2559 1617 2594 apparuerit
1632 2558 1746 2586 Clu-istas
1759 2559 1809 2586 vita

1013 2612 1110 2640 nostra,
1125 2612 1184 2633 tunc
1196 2611 1219 2633 et
1232 2615 1274 2633 vos
1287 2606 1439 2641 apparebitis
1449 2614 1505 2633 cum
1515 2606 1559 2633 illo
1571 2606 1595 2632 iu
1607 2605 1688 2642 gloria
1699 2605 1808 2641 (Coloss.

1013 2653 1039 2681 5.
1055 2654 1081 2681 5.
1097 2652 1140 2689 4).
1155 2652 1208 2680 Sed
1223 2652 1293 2687 quod
1312 2652 1402 2679 dicere
1424 2659 1633 2686 proposueram,
1649 2656 1678 2679 ut
1696 2651 1809 2679 demon-

1014 2703 1126 2725 straretn
1141 2705 1187 2725 eos
1200 2702 1307 2732 propter
1321 2697 1391 2724 hunc
1404 2698 1543 2732 prmsentia
1559 2697 1626 2724 mala
1638 2697 1808 2731 sustinuisse,

1014 2747 1096 2771 restat
1117 2747 1146 2770 ut
1160 2743 1246 2778 ipsum
1266 2743 1359 2770 Isaiam
1375 2743 1497 2770 inducam
1520 2743 1683 2777 loquentem.
1696 2742 1809 2770 Ubinam

1016 2789 1066 2817 hoc
1080 2789 1165 2816 dicit?
1179 2789 1243 2816 Post
1258 2789 1420 2823 prtcloriunt,
1436 2793 1496 2822 post
1507 2788 1679 2820 occisionem,
1696 2792 1754 2823 post
1767 2795 1806 2815 as-

1015 2836 1211 2871 sumptionctn,
1242 2835 1285 2862 ubi
1316 2835 1380 2863 dixit
1397 2843 1404 2862 :
1425 2834 1532 2862 Tollitur
1552 2835 1582 2862 tle
1602 2841 1667 2862 trrru
1686 2836 1734 2862 vita
1749 2836 1813 2874 tjus,
