2006 3124
264 99 314 127 9|!

263 158 370 193 subjicit
384 167 391 185 :
406 157 438 184 Et
451 156 517 184 dabo
529 156 654 190 improbos
668 163 714 190 pro
727 155 856 187 sepultura
869 154 940 189 ejus,
953 157 975 180 et
988 153 1052 180 divi-

265 211 301 232 tes
315 213 360 240 pro
374 209 452 231 morte
464 203 532 230 illius
544 202 620 237 (lsai.
631 202 676 229 55.
691 201 730 236 9).
748 201 805 228 Non
820 200 977 235 simpliciter
988 199 1055 227 dixit

264 250 380 281 intimos.
393 249 440 277 sed
454 248 598 283 improbos.
610 247 678 281 Quid
691 247 761 274 enim
773 247 824 274 illis
837 246 983 281 improbius
994 252 1056 273 esse

265 296 358 330 possit,
374 294 418 329 qui
432 298 492 328 post
506 298 544 320 tot
557 297 679 328 tantaque
693 297 800 328 accepta
816 291 942 319 beneﬁcia
955 290 1054 319 benefi-

263 348 323 368 cum
339 339 510 368 occiderunt?
521 339 576 366 Nisi
588 339 645 366 hare
656 343 810 370 evenerunt,
822 338 872 365 nisi
887 345 956 365 nunc
966 337 1054 364 vivitis

263 386 289 413 in
310 384 451 420 ignominia
463 405 470 417 ,
486 385 537 411 nisi
556 384 678 411 omnibus
695 392 754 418 quae
774 383 888 417 majores
907 382 1055 410 habuerunt

261 430 326 457 estis
341 430 444 464 privati,
460 429 510 456 nisi
527 429 629 456 corruit
642 433 729 455 vestra
744 428 846 459 civitas,
862 427 912 455 nisi
926 427 1052 462 templum

262 480 380 503 vestrum
401 483 506 502 versum
524 479 566 502 est
586 475 613 502 in
634 474 736 501 ruinam
747 494 755 506 ,
768 474 881 508 denique
896 473 945 500 nisi
958 479 1053 501 vestrae

262 521 426 548 calamitates
447 524 574 554 superant
586 527 691 547 omnem
711 519 881 554 tragtndiam,
895 526 928 547 ne
942 519 1052 552 credas,

262 574 278 592 o
290 565 392 593 Juda-e.
402 565 500 594 Contra
513 566 535 592 si
551 572 594 593 res
606 566 671 600 ipsae
683 565 827 596 clamitant,
840 565 863 592 si
876 565 945 599 quod
959 565 1053 599 praedi—

263 616 334 638 etum
349 615 406 638 erat
420 618 434 637 a
450 611 586 646 prophetis
597 632 604 641 ,
624 609 768 645 perfectum
783 615 823 637 est
839 618 846 636 :
860 610 923 645 quid
939 610 1033 637 frustra
1044 630 1052 643 ,

263 656 326 691 quid
348 657 479 683 incassum
501 656 639 690 impudens
660 656 708 683 es?
728 655 794 683 Nam
810 656 853 683 ubi
869 656 910 683 illa
924 655 993 690 apud
1007 663 1054 684 vos

265 701 430 733 veneranda,
447 701 490 727 ubi
510 701 627 736 pontifex
637 721 644 733 ,
660 701 705 728 ubi
726 701 794 728 stola
806 706 833 728 et
847 701 976 728 rationale
988 721 996 734 ,
1009 701 1054 728 ubi

264 748 427 775 declaratio?
443 747 482 775 Ne
499 755 561 774 vero
580 748 644 774 mihi
667 747 731 774 istos
752 747 916 782 patriarchas
936 747 1052 780 dixeris,

263 788 412 830 caupones,
428 795 621 829 negotiatores,
639 795 712 822 omni
733 795 870 831 iniquitate
888 794 992 828 plenos.
1008 794 1054 820 Dic

265 841 328 868 mihi
341 862 348 872 ,
365 841 450 875 qualis
464 847 504 868 est
524 840 666 873 sacerdos,
681 848 742 867 cum
762 848 814 867 non
835 840 871 867 sit
893 846 968 867 vetus
989 839 1053 867 illud

262 886 362 919 oleum,
375 894 460 921 neque
470 886 612 921 quidquam
626 886 734 913 omnino
747 886 842 912 veteris
855 885 1054 912 sanctimonia?

265 931 321 963 Dic,
336 931 451 966 inquam,
466 932 541 964 milii,
556 932 644 967 qualis
658 932 802 963 sacrificus,
819 939 878 958 cum
894 939 946 958 non
963 931 997 958 sit
1009 938 1053 958 sa-

263 975 401 1007 crificium,
415 984 501 1012 neque
510 977 604 1010 altare,
616 984 702 1012 neque
712 976 818 1003 cultus?
829 976 874 1003 Vis
885 976 931 1003 tibi
945 977 1053 1004 recitem

264 1020 336 1054 leges
351 1020 383 1047 de
402 1021 551 1049 sacerdotio
561 1042 568 1054 ,
582 1021 715 1056 quomodo
729 1020 800 1048 soliti
814 1021 867 1048 sint
880 1021 943 1048 olim
957 1028 1054 1048 conse-

263 1065 353 1093 crari?
365 1065 397 1094 [lt
411 1066 552 1102 intelligas,
567 1067 637 1101 quod
649 1066 694 1101 qui
708 1074 779 1094 nunc
789 1066 858 1101 apud
871 1073 918 1094 vos
931 1066 1055 1093 dicuntur

262 1111 431 1150 patriarchzc,
443 1119 494 1138 non
507 1112 559 1138 sint
569 1111 731 1144 sacerdotes,
744 1111 790 1139 sed
802 1119 849 1146 per
860 1111 1054 1138 simulationem

263 1160 431 1188 sacerdotum
446 1161 525 1192 agant
545 1165 684 1192 personam
695 1177 702 1189 ,
717 1164 767 1184 nec
781 1156 857 1184 aliter
871 1156 963 1184 ludant
975 1164 1054 1191 quam

263 1206 404 1233 histriones
425 1202 453 1230 in
472 1210 551 1230 scena
564 1210 571 1234 ;
586 1202 639 1229 imo
652 1207 680 1229 ut
694 1202 781 1230 verius
793 1202 894 1235 dicam,
910 1209 959 1229 nec
972 1202 1050 1229 susti~

264 1260 328 1279 nere
347 1251 446 1286 possint
472 1248 617 1276 sacerdotis
639 1255 778 1282 personam
795 1256 802 1274 :
817 1252 869 1274 tam
889 1248 979 1282 procul
1001 1255 1053 1274 non

262 1298 348 1325 solum
366 1305 381 1324 a
399 1298 529 1330 veritate,
545 1303 634 1321 verum
657 1294 736 1321 etiam
756 1294 790 1322 ab
810 1295 864 1329 ipsa
886 1295 1055 1322 simulatione

262 1344 401 1371 sacerdotii
416 1344 523 1370 absunt.
538 1340 687 1368 Recordare
702 1341 780 1375 igitur
790 1341 922 1375 quomodo
935 1345 988 1368 tum
1003 1342 1055 1368 Aa—

264 1397 311 1416 ron
323 1389 406 1416 factus
419 1390 452 1416 sit
463 1386 598 1418 sacerdos,
610 1390 674 1420 quot
687 1386 786 1413 hostias
799 1394 845 1420 pro
859 1386 903 1413 illo
914 1387 1056 1414 immolarit

264 1434 367 1466 Moses,
387 1439 451 1468 quot
473 1431 596 1461 victimas
619 1432 808 1466 prostravcrit,
825 1432 958 1466 quomodo
979 1433 1054 1460 illum

263 1480 356 1507 laverit
366 1500 373 1512 ,
386 1479 520 1514 quomodo
536 1477 641 1504 unxerit
656 1477 738 1511 ipsius
752 1483 898 1504 extremum
911 1478 1035 1505 auricula
1044 1499 1053 1512 ,

263 1532 368 1551 manum
383 1525 521 1556 dextram,
539 1522 633 1556 pedem
647 1522 786 1555 dextrum,
802 1522 898 1550 deintle
918 1523 943 1549 in
963 1528 1054 1550 sancta

262 1575 413 1597 sanctorum
429 1568 604 1597 introduxerit
617 1575 624 1598 ;
644 1566 888 1601 p0sthazcjusserit
898 1568 1054 1605 praescripto

262 1615 365 1642 dierum
378 1621 488 1641 numero
503 1619 612 1640 manere
624 1611 705 1638 intus.
717 1611 785 1644 Quin
801 1612 887 1646 potius
897 1620 986 1647 opera:
999 1620 1055 1646 pre-

264 1660 329 1686 tium
342 1664 383 1686 est
396 1659 451 1693 ipsa
465 1659 544 1685 verba
561 1655 652 1683 audire
667 1665 674 1683 :
692 1655 771 1688 "ccc,
787 1656 887 1690 inquit,
902 1657 986 1683 unctio
1001 1657 1053 1683 Aa-

263 1713 318 1737 ron,
330 1709 353 1730 et
366 1708 449 1730 unctio
463 1704 572 1736 ﬁliorum
586 1701 650 1736 ejus.
662 1700 696 1727 Et
709 1701 826 1735 loquutus
837 1706 873 1728 ert
887 1701 1009 1729 Dominus
1019 1703 1054 1730 ad

266 1750 361 1776 Morem
379 1750 464 1776 dicen:
479 1757 488 1775 :
503 1749 608 1775 Assume
625 1747 710 1773 Aaron
729 1751 752 1773 et
771 1745 837 1781 ﬁlios
855 1747 923 1781 ejus,
937 1752 961 1774 et
977 1747 1054 1776 stolas

264 1804 363 1829 eorum,
378 1800 401 1822 et
418 1795 540 1822 unctionis
562 1793 645 1820 oleum
655 1813 662 1823 ,
681 1797 704 1818 et
718 1792 820 1819 vitulum
835 1801 881 1826 pro
901 1800 1000 1827 peccato
1010 1814 1018 1826 ,
1031 1798 1054 1820 et

263 1842 380 1873 arietem,
394 1845 418 1867 et
437 1848 545 1867 convoca
564 1845 720 1872 synagogam
738 1837 772 1863 ad
792 1837 882 1863 ostium
901 1837 1054 1865 tabernaculi

263 1887 406 1914 testimonii.
420 1885 454 1912 Et
465 1886 528 1912 dixit
542 1885 626 1911 Moses
639 1883 761 1910 universte
780 1884 935 1911 multitudini
951 1893 1055 1920 congre-

262 1937 328 1968 gata:
341 1940 350 1958 .'
362 1931 403 1958 hic
414 1936 449 1958 est
462 1939 553 1963 sermo,
567 1937 640 1964 quem
654 1929 781 1955 mandavit
792 1928 926 1956 Dominus.
940 1928 974 1956 Et
984 1935 1054 1964 pou-

263 1986 338 2012 qnam
351 1977 499 2004 admovisset
512 1984 553 2003 eos
568 1974 718 2011 (dicendum
733 1979 774 2001 est
787 1975 856 2001 enim
872 1975 1053 2010 compendio),

262 2023 321 2049 lavit
331 2031 372 2049 eos
382 2031 457 2057 aqua,
470 2022 553 2048 induit
564 2020 659 2053 tunica,
674 2020 750 2046 cinxit
762 2028 836 2052 zona,
850 2020 930 2047 induit
944 2021 1056 2056 ependy-

263 2074 318 2099 ten,
330 2067 448 2101 imposuit
463 2067 606 2098 liumerale,
622 2065 752 2101 pra'cinxit
764 2065 837 2091 illum
849 2073 879 2091 at:
891 2065 1053 2100 substrinxit,

261 2113 379 2147 imposuit
393 2112 530 2144 rationale,
546 2116 568 2137 et
581 2119 656 2146 super
669 2110 792 2138 rationale
804 2110 922 2145 imposuit
935 2111 1053 2138 declara-

262 2159 354 2185 tionem
367 2162 390 2184 et
404 2158 529 2184 veritatem
544 2164 553 2183 :
565 2161 588 2183 et
601 2156 700 2182 mitram
714 2155 831 2190 imposuit
845 2156 922 2190 capiti
935 2155 1014 2189 illius,
1031 2162 1054 2184 et

262 2212 337 2239 super
358 2204 458 2230 mitram
480 2202 600 2229 laminam
623 2209 724 2227 auream
744 2209 754 2227 :
771 2201 860 2227 deinde
880 2205 980 2236 sumpto
999 2202 1053 2230 oleo

261 2249 400 2284 conspersit
414 2248 494 2274 altare
503 2268 510 2279 ,
525 2251 548 2273 t-t
563 2246 725 2279 sancti/ienuit
738 2246 821 2277 illud;
835 2250 858 2272 et
870 2253 929 2274 vaca
939 2267 946 2278 ,
959 2251 982 2273 ct
999 2248 1053 2282 pel-

262 2297 310 2322 vim
323 2299 345 2322 et
357 2294 446 2323 basim,
460 2299 483 2320 ct
496 2293 662 2326 sancti/ienuit
675 2300 712 2323 ea,
726 2297 748 2318 et
758 2292 846 2324 effudit
859 2301 890 2319 ex
903 2301 931 2319 eo
941 2293 967 2320 in
977 2299 1052 2329 caput

263 2341 348 2367 Aaron
362 2347 372 2366 :
387 2344 409 2365 et
423 2337 483 2372 ﬁliis
495 2338 564 2364 illius
578 2336 692 2364 similiter
702 2337 770 2371 fecit,
786 2342 807 2363 et
819 2337 925 2364 adduxit
936 2339 1051 2367 vitulum.

263 2385 326 2412 Cum
338 2389 420 2410 autem
434 2383 586 2409 immolasset
599 2391 666 2414 eum,
682 2388 812 2417 postquam
826 2382 910 2410 Aaron
921 2391 977 2410 curn
992 2385 1053 2418 ﬁliis

262 2430 316 2456 suis
327 2429 485 2463 imposuisset
496 2436 594 2460 manus,
606 2428 712 2462 sumpsit
725 2429 756 2454 tle
767 2428 888 2462 sanguine
901 2433 923 2454 et
934 2429 1052 2463 imposuit

219 2485 222 2492 -
262 2474 378 2501 cornibus
395 2473 497 2503 altaria.
512 2478 533 2500 et
547 2473 686 2507 puri/icavit
706 2473 799 2503 altare.
815 2478 837 2499 rt
851 2474 998 2508 sanguinem
1012 2475 1051 2510 ef-

263 2520 327 2554 fudit
339 2520 366 2546 in
376 2519 455 2545 basim
466 2519 564 2551 altaris,
576 2524 598 2545 et
608 2519 770 2552 sancti/icavit
781 2518 856 2551 illud,
867 2523 894 2545 ut
904 2520 1052 2554 propitiaret

262 2573 338 2600 cuper
349 2565 422 2591 illud.
437 2563 535 2591 Deinde
547 2569 677 2598 postquam
689 2564 804 2598 quaedam
816 2573 847 2590 ea.
859 2564 898 2591 his
909 2570 1050 2598 creatasxet,

261 2610 313 2638 alia
325 2611 388 2646 [oris
397 2631 405 2643 ,
420 2611 472 2636 alia
484 2611 551 2636 intus
560 2631 567 2641 ,
583 2609 689 2636 adduxit
701 2618 788 2637 rursus
800 2610 902 2636 arietem
911 2630 918 2640 ,
932 2616 955 2636 et
969 2611 1052 2645 ipsum

262 2656 397 2682 immolavit
409 2656 435 2682 in
449 2655 632 2687 holocaustum,
645 2659 667 2681 et
677 2654 766 2681 iterum
778 2654 885 2681 adduxit
898 2655 975 2681 alium
986 2656 1052 2682 orie-

262 2708 308 2729 tem
322 2702 544 2729 consummationis
558 2709 567 2727 :
579 2706 602 2728 et
617 2709 703 2727 rursus
717 2700 817 2727 Aarone
828 2709 884 2727 cum
898 2701 959 2735 [iliis
971 2702 1053 2735 impo-

262 2754 335 2775 nant:
347 2756 435 2774 manus
446 2747 536 2774 orcidit
547 2754 557 2773 .'
568 2754 717 2782 tumensque
727 2747 757 2772 tle
768 2746 889 2780 sanguine
900 2747 964 2780 ejus,
977 2755 1052 2782 super

261 2798 399 2820 rxtrrmum
419 2793 539 2820 auricula:
556 2793 640 2818 Aaron
658 2792 752 2818 (ιω-[τω
763 2811 770 2824 ,
785 2796 807 2818 et
825 2800 900 2827 super
914 2798 1051 2819 utremum

633 98 661 125 S.
682 97 820 125 JOANNIS
838 93 1076 123 CllRYSOSTOMI
1096 94 1254 122 ARCHIEP.
1273 94 1538 124 CONSTANTINOP.

1848 98 1904 124 eia

1108 159 1198 179 "ianus
1209 151 1320 185 deum,
1334 158 1357 179 et
1376 161 1451 188 super
1464 158 1601 180 extremum
1619 153 1690 188 pedis
1707 153 1788 180 dextri
1798 175 1805 186 ,
1821 155 1905 180 simili

1108 198 1182 225 meda
1196 198 1255 233 [erit
1265 203 1287 225 et
1298 198 1358 233 [illis
1371 198 1448 225 illius.
1463 198 1559 225 Deinde
1569 207 1669 225 sumens
1684 199 1798 232 qutedam
1809 199 1841 225 de
1853 201 1905 225 Ito-

1107 243 1156 270 stia
1176 244 1293 278 imposuit
1312 243 1426 271 manibus
1447 243 1533 270 Aaron
1554 249 1578 271 et
1596 244 1708 278 ﬁliorum
1725 245 1798 279 ejus,
1813 252 1845 270 ac
1864 253 1907 270 uc

1107 288 1206 316 obtulit.
1220 289 1254 316 Et
1266 294 1366 324 sumpto
1379 298 1466 316 rursus
1479 290 1601 325 sanguine
1612 295 1636 316 et
1649 290 1680 316 de
1692 290 1747 316 oleo
1760 297 1908 325 conspersit

1106 342 1182 369 super
1192 334 1278 361 Aaron
1293 339 1315 361 et
1327 334 1403 362 stolas
1414 335 1494 368 illius,
1508 340 1531 362 et
1543 343 1618 370 super
1629 336 1696 369 ﬁlios
1710 337 1775 371 ejus,
1786 341 1809 362 et
1822 345 1910 370 super

1106 379 1184 406 stolas
1201 387 1287 406 eorum
1301 387 1311 406 :
1320 384 1343 406 et
1354 380 1518 414 rancti/icauit
1531 389 1588 414 eor,
1599 386 1622 407 et
1636 381 1714 416 jussit
1725 386 1753 408 ut
1765 389 1908 416 coquerent

1107 433 1195 452 carnes
1209 425 1235 452 in
1249 425 1314 452 atrio
1329 425 1483 453 tabernaculi
1497 426 1640 459 testimonii,
1656 427 1757 461 illicqae
1767 428 1802 454 eis
1815 435 1906 455 vesce-

1107 476 1195 497 rentur
1210 478 1220 498 :
1239 476 1263 497 et
1280 472 1311 498 ob
1329 472 1392 498 ostio
1411 472 1564 499 tabernaculi
1581 473 1716 499 testimonii
1736 481 1769 500 ne
1785 474 1907 508 agnati-

1107 516 1187 547 mini,
1202 516 1302 551 inquit,
1318 517 1371 543 dies
1385 521 1495 552 septem,
1510 517 1589 544 donec
1607 517 1660 544 dies
1676 517 1830 552 impleatur,
1847 519 1907 545 dies

1106 563 1272 591 ordinationis
1285 569 1382 592 vestrte.
1398 565 1501 600 Septem
1513 566 1579 592 enim
1592 565 1677 593 diebus
1687 566 1795 593 initiabit
1807 575 1907 594 atauus

1105 613 1201 635 uestra:
1210 629 1218 640 ,
1230 613 1257 635 ut
1273 610 1423 644 propitietur
1435 619 1481 645 pro
1494 611 1562 637 vobis
1573 610 1669 646 (Leuit.
1685 611 1712 638 7.
1726 611 1776 644 35;
1793 611 1820 639 8.
1836 613 1866 639 Ι.
1880 618 1907 639 et

1106 655 1197 689 seqq).
1211 655 1276 682 Cum
1289 655 1368 690 igitur
1379 655 1451 683 dicat
1465 655 1507 683 his
1520 657 1600 684 rebus
1612 657 1742 684 initiatum
1755 657 1840 685 fuisse
1852 659 1908 685 Aa-

1107 707 1166 732 ron,
1182 700 1224 727 his
1239 700 1416 735 purilicatum,
1431 701 1474 728 his
1487 702 1691 735 sanctificatum,
1707 710 1754 737 per
1767 703 1828 730 luce
1842 704 1909 737 pla-

1107 753 1182 772 casse
1196 746 1298 780 Deum,
1312 746 1378 773 nihil
1392 751 1481 774 autem
1495 747 1589 774 horum
1601 755 1672 775 nunc
1685 747 1730 774 ﬁat
1739 769 1746 781 ,
1761 756 1851 783 neque
1863 750 1908 776 vi-

1106 793 1185 819 ctima
1204 800 1290 828 neque
1305 793 1499 826 holocaustum,
1515 801 1600 828 neque
1619 794 1754 828 sanguinis
1767 795 1910 828 aspersio,

1107 845 1193 872 neque
1207 837 1259 864 olei
1272 837 1390 865 inunctio
1400 859 1408 872 ,
1423 846 1473 865 nec
1485 838 1554 865 adsit
1567 838 1763 866 tabernaculum
1777 840 1908 867 testimo-

1107 884 1160 917 nii,
1173 891 1260 919 neque
1277 884 1310 911 ad
1324 884 1483 919 praeﬁnitum
1501 885 1604 912 dierum
1616 893 1756 912 numerum
1775 885 1908 914 sedeatur

1107 930 1177 958 intus
1189 939 1195 957 :
1209 930 1329 965 profecto
1344 930 1430 965 palam
1443 935 1483 958 est
1495 930 1672 964 sacerdotem,
1686 931 1731 966 qui
1745 939 1818 959 nunc
1832 933 1908 967 apud

1107 975 1173 1003 istos
1187 981 1244 1008 est,
1260 975 1392 1010 impurum
1408 983 1439 1003 ac
1451 975 1580 1003 nefarium
1594 983 1670 1009 esse,
1687 976 1858 1011 illegitimum
1874 985 1911 1004 ac

1107 1020 1257 1054 profanum,
1270 1020 1384 1055 denique
1397 1020 1431 1048 ad
1445 1021 1510 1048 iram
1525 1020 1609 1048 Deum
1623 1028 1777 1056 provocare.
1793 1021 1906 1049 Etenim

1105 1065 1128 1092 si
1148 1073 1201 1093 non
1223 1070 1327 1100 poterat
1347 1066 1426 1093 aliter
1445 1066 1612 1098 consecrari,
1628 1065 1679 1093 nisi
1695 1066 1768 1094 hisce
1784 1067 1887 1095 ritibus
1898 1089 1905 1099 ,

1107 1112 1216 1139 omnino
1229 1119 1339 1139 necesse
1352 1116 1394 1139 est
1414 1116 1498 1139 totum
1521 1112 1698 1139 sacerdotium
1718 1112 1828 1142 illomm
1851 1122 1906 1140 non

1107 1156 1263 1184 consistere.
1279 1156 1361 1184 Vides
1374 1164 1390 1183 a
1404 1163 1448 1184 me
1466 1157 1561 1183 merito
1573 1157 1682 1189 dictum,
1698 1157 1768 1192 quod
1786 1165 1843 1185 non
1859 1166 1906 1185 so-

1107 1201 1162 1228 lum
1176 1210 1191 1228 a
1206 1202 1315 1230 veritate
1327 1221 1336 1235 ,
1351 1209 1442 1229 verum
1458 1202 1537 1229 etiam
1552 1202 1586 1230 ab
1607 1202 1662 1237 ipsa
1677 1202 1715 1230 rei
1729 1203 1907 1231 simulatione

1107 1247 1198 1281 procul
1212 1247 1317 1274 absunt.

1141 1291 1169 1318 6.
1184 1291 1286 1324 Quanta
1299 1291 1331 1318 sit
1345 1291 1478 1318 sacerdotii
1491 1291 1611 1326 dignitas.
1622 1307 1657 1311 —
1670 1291 1724 1319 Nec
1738 1301 1772 1319 es
1788 1293 1832 1319 his
1849 1299 1906 1320 tan-

1107 1341 1163 1363 tum
1173 1356 1181 1369 ,
1195 1344 1286 1363 verum
1299 1336 1378 1363 etiam
1392 1344 1425 1364 ex
1439 1337 1498 1364 aliis
1509 1336 1612 1364 discere
1626 1336 1696 1369 licet,
1709 1343 1808 1371 quanta
1825 1338 1906 1366 fuerit

1107 1382 1247 1409 sacerdotii
1262 1381 1386 1416 dignitas.
1406 1381 1519 1408 Proinde
1531 1389 1591 1409 cum
1605 1381 1733 1409 adversus
1746 1383 1841 1410 Aaron
1862 1392 1903 1410 sc-

1107 1427 1234 1454 dilionem
1246 1427 1392 1454 movissent
1404 1426 1524 1454 homines
1537 1427 1643 1462 quidam
1654 1427 1779 1454 scelerati
1793 1429 1905 1462 perditi-

1106 1481 1174 1508 que,
1187 1477 1314 1500 conantes
1328 1480 1390 1500 eum
1403 1479 1418 1499 a
1432 1472 1580 1507 principatu
1593 1472 1726 1507 depellere
1736 1492 1744 1505 ,
1760 1477 1789 1499 et
1803 1473 1842 1500 de
1858 1474 1904 1500 ho.

1106 1526 1172 1546 norc
1190 1527 1250 1546 cum
1273 1519 1318 1545 illo
1338 1518 1516 1552 disceptarent
1536 1527 1542 1545 ε
1561 1519 1792 1545 mansuetissimus
1817 1519 1905 1547 Moses

1105 1563 1215 1598 cupiens
1229 1563 1279 1590 illis
1290 1562 1370 1590 rebus
1381 1563 1445 1598 ipsis
1457 1562 1544 1590 facere
1556 1562 1645 1596 fidem,
1657 1563 1727 1598 quod
1741 1571 1794 1590 non
1809 1570 1841 1591 ut
1854 1565 1903 1591 fni-

1106 1614 1172 1637 trem
1184 1630 1191 1642 ,
1205 1615 1251 1637 aut
1261 1614 1418 1645 cognatum,
1435 1613 1481 1636 aut
1494 1609 1648 1636 familiarem
1657 1629 1665 1642 ,
1678 1609 1815 1636 evexisset
1831 1611 1904 1637 illum

1106 1654 1141 1682 ad
1154 1662 1214 1682 eum
1234 1655 1382 1687 honorem,
1402 1655 1449 1681 sed
1469 1655 1514 1681 Dei
1535 1662 1631 1688 parens
1643 1655 1730 1681 edicto
1746 1655 1906 1683 tradidisset

1106 1699 1143 1727 illi
1157 1699 1334 1726 saecrdotinm
1350 1698 1422 1731 illud,
1436 1698 1516 1733 jussit
1528 1704 1557 1725 ut
1570 1706 1733 1733 unaquzeque
1747 1700 1839 1728 tribus
1852 1701 1905 1728 vir»

1106 1752 1165 1780 gum
1179 1744 1296 1776 all‘erret,
1310 1744 1380 1772 idem
1395 1744 1519 1779 prtecepit
1532 1745 1630 1771 Aaroni
1645 1752 1724 1771 :cum
1737 1746 1905 1778 attulissent,

1106 1798 1200 1818 omnes
1214 1790 1331 1824 accepit,
1347 1794 1374 1817 et
1390 1790 1460 1817 intus
1479 1790 1606 1824 reposuit.
1623 1790 1661 1817 Eo
1679 1789 1750 1817 facto
1759 1791 1846 1825 jussit
1858 1800 1905 1819 ex-

1106 1837 1220 1871 spectari
1232 1836 1350 1863 divinum
1362 1835 1503 1870 judicium,
1516 1835 1586 1870 quod
1600 1843 1648 1871 per
1658 1836 1746 1870 virgas
1759 1837 1822 1864 illas
1832 1844 1907 1865 esset

1107 1881 1304 1916 proferendum.
1320 1881 1419 1909 Deinde
1431 1888 1491 1908 cum
1506 1882 1584 1908 simul
1598 1881 1715 1908 omnium
1734 1883 1906 1918 reliquorum

1107 1927 1187 1962 virga:
1205 1931 1346 1954 manerent
1360 1927 1385 1954 in
1405 1927 1499 1958 eodem
1522 1926 1629 1960 habitu,
1645 1928 1701 1954 sola
1721 1928 1796 1963 virga
1812 1931 1907 1961 Aaron

1106 1972 1284 2007 germinavit,
1307 1971 1467 2006 frondesque
1485 1971 1609 2006 produxit
1628 1979 1659 1999 ac
1678 1972 1782 2000 fructus
1797 1973 1807 2009 (
1822 1973 1907 2002 Nam.

1107 2018 1164 2053 Π),
1177 2022 1205 2044 ut
1218 2017 1402 2052 intelligerent,
1417 2021 1518 2044 natura:
1531 2017 1670 2044 Dominum
1683 2017 1757 2044 illum
1769 2018 1909 2054 delegisse

1106 2064 1194 2090 denuo
1204 2083 1211 2095 ,
1228 2063 1374 2089 litterarum
1388 2062 1445 2089 vice
1459 2061 1527 2088 foliis
1541 2069 1628 2089 usum.
1643 2061 1748 2089 Etenim
1765 2065 1813 2098 qui
1831 2065 1909 2091 initio

1106 2109 1211 2136 dicebat
1223 2117 1230 2135 :
1242 2107 1368 2134 Germinet
1382 2112 1448 2133 terra
1462 2107 1563 2133 herbam
1575 2108 1697 2142 graminis
1712 2107 1790 2143 (Gen.
1805 2109 1836 2136 1.
1851 2111 1908 2141 ill.

1105 2154 1216 2189 ejusque
1235 2153 1288 2179 vim
1303 2152 1334 2179 ad
1351 2151 1561 2178 fructiﬁcandum
1574 2153 1717 2180 excitavit:
1732 2153 1808 2181 idem
1829 2160 1858 2182 et
1877 2156 1910 2182 il~

1106 2199 1151 2226 Iud
1166 2198 1264 2233 lignum
1278 2197 1348 2232 quod
1362 2202 1419 2224 erat
1430 2196 1533 2224 aridum
1548 2202 1575 2224 et
1588 2197 1782 2233 infrugiferum,
1803 2200 1871 2229 fecit
1884 2207 1913 2228 ut

1104 2245 1204 2280 absque
1217 2250 1287 2272 terra
1301 2249 1328 2272 et
1339 2246 1396 2273 sine
1411 2246 1498 2274 radice
1511 2247 1668 2282 germinaret
1681 2256 1688 2274 :
1701 2253 1819 2283 eratque
1831 2250 1913 2277 dein.

1104 2298 1168 2325 ceps
1183 2291 1255 2325 \irga
1269 2291 1312 2318 illa
1327 2297 1511 2326 argumentum
1527 2297 1555 2319 et
1573 2293 1752 2319 testimoniqu
1769 2299 1828 2321 tam
1846 2297 1914 2323 illo»

1106 2344 1164 2363 rum
1177 2336 1294 2368 malitias,
1304 2343 1382 2370 quam
1392 2337 1471 2364 divini
1479 2337 1582 2373 judicii,
1592 2346 1643 2365 non
1655 2339 1783 2367 etnittens
1796 2342 1915 2376 quidem

1105 2390 1210 2416 vocem,
1219 2383 1266 2410 sed
1278 2383 1334 2417 ipso
1344 2389 1451 2417 aspectu
1461 2384 1553 2419 quavis
1565 2384 1624 2412 tuba
1635 2385 1732 2412 clarius
1743 2386 1916 2422 exhortans,

1106 2436 1140 2455 ne
1153 2428 1214 2462 quid
1228 2428 1318 2455 talium
1333 2429 1478 2457 facinorum
1492 2430 1517 2457 in
1531 2435 1665 2464 posterum
1676 2432 1914 2466 aggrederentur.

1104 2473 1158 2500 Nec
1180 2473 1230 2501 hoc
1248 2473 1327 2500 modo
1342 2479 1442 2501 tantum
1453 2495 1460 2507 ,
1475 2475 1520 2502 scd
1543 2475 1596 2502 alio
1613 2475 1727 2511 quodam
1741 2484 1918 2512 argumento

1107 2519 1175 2546 Deus
1189 2518 1335 2546 declaravit
1354 2527 1414 2546 eum
1437 2520 1613 2548 sacerdotem.
1629 2520 1734 2548 Etenim
1749 2530 1814 2549 eum
1830 2526 1918 2552 multi

1105 2571 1176 2593 mota
1196 2566 1323 2593 adversus
1343 2565 1417 2592 illum
1439 2567 1569 2593 seditione
1582 2572 1736 2601 appeterent
1750 2568 1841 2602 ipsius
1862 2571 1918 2596 ho-

1105 2618 1196 2638 norem
1213 2619 1220 2637 :
1236 2611 1397 2645 principatus
1411 2611 1482 2638 enim
1498 2619 1542 2638 res
1561 2617 1601 2638 est
1616 2619 1663 2646 pro
1682 2619 1733 2646 qua
1755 2613 1921 2648 depugnari

1105 2657 1182 2690 solet,
1198 2662 1225 2684 et
1238 2665 1297 2691 qum
1311 2658 1442 2691 expetitur
1453 2665 1468 2684 a
1484 2657 1572 2684 multis
1588 2658 1687 2692 :jussit
1703 2665 1729 2684 ui
1746 2659 1832 2685 illatis
1846 2661 1922 2686 lliu-

1105 2702 1208 2735 ribulis,
1223 2708 1249 2729 et
1265 2702 1387 2737 imposito
1403 2703 1584 2737 thymiamate,
1599 2703 1700 2729 emlitus
1714 2711 1924 2738 exspectarent.

1105 2748 1272 2774 sententiain.
1299 2750 1384 2782 Atque
1406 2747 1456 2774 illis
1479 2747 1646 2774 anlolcntihus
1665 2752 1735 2774 terra
1758 2748 1924 2778 dehiscens

1105 2800 1198 2820 onincs
1211 2793 1356 2827 absorbuit,
1368 2793 1412 2828 qui
1427 2800 1485 2819 cum
1499 2792 1562 2827 ipsis
1575 2799 1789 2821 consenserant:
1804 2802 1926 2831 eosque
