2043 3116
175 133 228 159 915

174 189 217 223 qui
230 187 359 215 tlmribnla
374 191 550 221 sumpserant,
565 186 630 221 ignis
641 193 656 213 e
668 185 733 213 cmlo
743 185 874 213 demissus
884 192 961 212 exus-

172 234 208 260 sit
222 233 315 268 (Num.
332 233 387 267 16).
402 232 469 259 Tutu
485 240 519 259 ne
533 231 602 267 quod
618 231 749 259 acciderat
764 231 889 266 temporis
902 238 964 266 pro-

173 285 266 313 gressu
280 277 404 304 oblivioni
419 277 537 309 daretur,
552 284 619 304 neve
638 277 819 305 admirabilem
834 276 902 304 hanc
915 276 963 304 Dei

173 324 331 352 sententiam
354 323 506 358 ignorarent
528 324 644 358 posteri,
666 323 792 358 princepit
811 323 896 350 Moses
908 343 916 356 ,
935 327 963 349 ut

174 370 306 398 tlturibula
328 375 431 404 sumpta
450 369 613 404 applicarent
630 369 663 397 ad
677 370 759 397 altare
770 390 777 401 ,
793 373 821 396 ut
834 368 962 404 quemad-

174 415 280 443 modum
296 415 367 451 virga
381 415 438 442 sine
453 423 517 442 voce
528 423 619 443 vocem
635 415 723 443 emisit
737 416 794 449 ipso
808 418 961 449 conspectu,

174 460 264 487 itidem
279 464 312 487 et.
322 459 365 486 ha:
388 460 493 487 laminte
511 465 632 495 posteros
645 461 841 495 alloqucrentur
854 466 962 493 omnes,

173 505 364 539 admonerent,
380 506 464 541 iisque
478 507 662 538 consulerent,
677 514 711 534 ne
731 507 860 541 majorum
873 514 964 533 amen-

175 552 236 578 lium
248 552 423 584 imitarentur,
437 559 469 579 ne
480 552 585 587 quando
595 552 673 578 simili
686 559 762 586 poena
775 551 962 585 plecterentur.

176 596 264 628 Vides,
278 601 305 622 ut
315 596 376 623 olim
390 597 541 624 sacerdotes
552 597 721 623 crearentur?
731 596 806 623 Nunc
817 603 881 623 vero
892 596 964 623 lusus

175 644 239 670 meri
262 649 324 671 sunt
343 644 463 678 risusque
473 664 480 676 ,
495 651 553 678 quae
573 644 638 670 l'mnt
655 644 723 678 apud
737 643 843 670 Judmos
855 642 943 670 omnia
955 661 963 674 ,

175 689 260 723 pudor
274 693 301 716 et
320 690 477 724 cauponatio
497 690 573 724 plena
591 690 728 717 immensa:
746 689 895 724 impietatis.
911 689 965 715 llos

175 735 254 769 igitur
267 735 396 770 sequeris,
412 735 455 762 die
467 735 541 768 mihi,
555 735 599 770 qui
613 735 782 769 pertinaciter
796 735 883 762 solent
894 741 965 761 sem-

175 789 223 815 per
236 785 289 807 tum
307 781 409 813 facere,
426 787 479 808 tum
495 781 584 808 dicere
598 781 685 808 omnia
697 802 704 814 ,
724 788 783 815 qua:
803 779 850 807 Dei
865 780 965 814 legibus

175 827 367 854 adversentur?
380 827 413 854 ad
429 828 521 854 borum
536 834 682 862 synagogas
695 826 832 853 accurris?
844 826 898 853 Nec
910 834 966 853 me-

176 873 237 904 tuis,
251 880 283 899 ne
296 872 412 899 fulminis
424 873 536 907 impetus
547 873 646 899 ca-litus
658 872 775 900 emicans
785 876 878 899 exurat
886 875 966 905 caput

177 914 271 940 tuum?
285 915 324 940 An
341 914 462 948 ignoras,
477 922 523 941 eos
535 914 579 949 qui
595 914 643 949 ipsi
654 914 761 949 quidem
773 921 825 941 non
844 913 965 948 prtedan-

176 965 228 992 tur,
243 959 289 986 sed
302 964 388 987 tamen
403 961 428 986 in
444 960 598 995 praedonum
611 960 745 995 speluncis
757 960 891 994 conspecti
905 959 965 986 fue-

175 1006 238 1038 rint,
254 1006 359 1033 easdem
373 1006 435 1033 dare
449 1014 540 1041 ptenas
550 1014 615 1041 quas
628 1006 766 1041 prtedones
775 1006 787 1033 7
797 1005 864 1039 Quid
877 1009 965 1033 autem

175 1051 268 1086 loquor
281 1051 313 1079 de
328 1052 516 1086 pradonibus?

212 1096 361 1124 Statuerunt
372 1097 537 1133 dejectionem
551 1103 681 1125 memorat.
701 1113 736 1118 —
755 1098 878 1125 Profecto
891 1097 965 1125 scitis

176 1149 268 1169 omnes
282 1150 313 1169 ac
329 1143 497 1176 meministis,
513 1143 620 1177 quando
634 1143 703 1178 apud
717 1150 766 1170 nos
778 1143 899 1170 scelerati
912 1143 967 1178 qui-

176 1188 236 1215 dam
252 1188 372 1216 homines
397 1194 423 1216 et
447 1189 653 1224 prtestigiatores
675 1193 777 1216 statuas
801 1189 964 1223 dejecerunt,

176 1243 228 1270 quo
243 1240 319 1270 pacto
329 1243 380 1263 non
395 1235 430 1262 illi
443 1241 541 1263 tantum
555 1236 599 1271 qui
615 1235 716 1263 facinus
727 1235 785 1263 ausi
793 1235 905 1266 fuerant,
918 1234 966 1262 sed

176 1285 304 1316 quotquot
315 1282 470 1316 simpliciter
482 1286 627 1316 praesentes
641 1282 775 1317 conspecti
789 1286 861 1309 erant
875 1301 884 1314 ,
898 1287 966 1316 quo«

177 1328 247 1355 niani
264 1328 421 1355 videbantur
436 1329 489 1355 illis
504 1329 626 1355 assentiri
640 1349 647 1361 ,
661 1328 687 1355 in
700 1328 827 1363 judicium
842 1327 943 1362 abrepti
957 1347 964 1361 ,

175 1374 308 1409 simulque
328 1381 388 1401 cum
405 1374 455 1401 illis
470 1374 576 1402 abducti
596 1395 604 1408 ,
628 1378 748 1402 extremo
771 1373 899 1408 supplicio
913 1373 967 1400 sint

176 1419 273 1446 allecti.
288 1419 328 1446 Tu
340 1427 403 1447 vero
415 1420 460 1447 ubi
468 1419 547 1447 Pater
559 1420 671 1447 afﬁcitur
683 1420 842 1447 contumelia
850 1440 858 1452 ,
868 1419 913 1446 ubi
923 1419 966 1446 Fi—

178 1465 227 1492 lius
241 1465 379 1493 lacessitur
392 1466 518 1494 conviciis
531 1485 540 1499 ,
558 1465 602 1493 ubi
615 1471 723 1493 sanctus
737 1470 763 1493 et
775 1465 895 1493 viviﬁcus
907 1464 966 1500 Spi-

177 1511 242 1537 ritus
251 1510 437 1543 contemnitur,
454 1518 485 1538 eo
495 1511 587 1538 studes
600 1510 759 1538 accurrere?
773 1510 830 1537 Non
845 1510 942 1537 metuis
955 1530 963 1544 ,

177 1563 229 1582 non
243 1555 385 1589 horrescis,
397 1563 455 1583 cum
472 1556 584 1590 teipsum
598 1557 623 1583 in
646 1556 704 1583 loca
725 1555 832 1590 profana
848 1557 965 1591 impura-

175 1609 226 1635 que
240 1601 366 1634 conjicis‘!
381 1601 427 1628 Dic
442 1601 516 1634 mihi,
531 1609 609 1636 quam
626 1601 735 1629 habebis
748 1602 945 1629 excusationem
956 1621 964 1634 ,

176 1655 254 1682 quam
270 1648 373 1674 veniam
386 1667 394 1680 ,
417 1648 462 1681 qui
476 1647 567 1674 volens
582 1648 693 1681 teipsutn
705 1647 730 1673 in
746 1646 900 1674 barathrum
914 1646 966 1672 im-

175 1694 274 1726 mittas,
291 1693 317 1720 in
331 1692 505 1727 praecipitium
521 1692 578 1719 des.

211 1738 281 1764 Libri
295 1738 374 1764 sancti
385 1746 433 1764 non
445 1743 558 1765 sanctam
573 1738 669 1774 faciunt
685 1737 900 1774 Synagogam.——
911 1737 965 1766 Ne-

176 1792 226 1818 que
241 1784 310 1811 enim
325 1783 387 1810 mihi
401 1784 464 1810 illud
477 1783 586 1816 dixeris,
599 1783 669 1819 quod
683 1784 738 1811 illic
749 1784 798 1811 sita
811 1788 853 1811 est
866 1784 906 1811 lex
916 1803 923 1816 ,
939 1787 967 1811 et

177 1833 362 1864 prophetarum
375 1829 446 1856 libri.
460 1829 550 1864 Neque
558 1829 628 1856 enim
643 1829 693 1856 hoc
707 1829 771 1856 satis
783 1833 823 1856 est
835 1828 868 1856 ad
878 1829 964 1856 locum

177 1879 297 1902 sanctum
313 1874 487 1903 reddendum.
503 1875 597 1902 Utrum
611 1875 682 1902 enim
706 1875 791 1910 majus
815 1879 865 1908 est,
884 1875 966 1902 libros

176 1929 235 1949 esse
247 1921 376 1955 repositos
387 1921 414 1948 in
426 1921 496 1955 loco,
513 1929 545 1948 an
561 1921 632 1955 loqui
647 1929 677 1948 ea
690 1929 749 1956 quae
762 1921 859 1948 suntin
873 1921 966 1949 libris?

176 1966 346 2002 Perspicuum
370 1971 408 1993 est
426 1987 433 1999 ,
449 1967 543 1993 melius
555 1974 615 1994 esse
627 1967 649 1993 si
664 1974 695 1993 ea
710 1975 768 2001 qua:
779 1972 840 1994 sunt
854 1967 966 1994 inlibris

175 2013 293 2048 ioquaris
317 2012 468 2047 habeasque
481 2013 508 2039 in
526 2013 624 2040 animo.
649 2013 718 2047 Ergo
733 2013 863 2047 responde
878 2013 941 2040 mihi
955 2033 964 2046 ,

176 2067 237 2086 cum
257 2059 378 2086 diabolus
400 2059 524 2086 recitaret
543 2067 573 2086 ca
587 2079 594 2091 ,
609 2067 668 2094 qua:
680 2063 741 2086 sunt
756 2059 782 2086 in
801 2058 964 2093 Scriptnris,

177 2113 239 2132 nutri
254 2112 285 2132 os
301 2105 370 2132 illius
389 2104 579 2132 sanctificatum
599 2105 659 2132 est?
681 2104 738 2132 Non
759 2111 834 2139 potes
856 2105 962 2138 dicere,
990 2126 993 2128 .

176 2151 222 2178 sed
238 2151 381 2185 permansit
394 2150 419 2178 id
433 2151 503 2185 quod
518 2151 714 2178 eratdiabolns.
728 2151 795 2185 Quid
812 2155 899 2177 autem
914 2151 966 2177 dae-

177 2196 288 2223 mones?
301 2195 367 2223 Cum
384 2197 560 2231 prmdicarent
581 2204 612 2224 ae
628 2197 766 2223 dicerent:
790 2196 838 2222 Isti
853 2196 965 2224 homines

179 2243 242 2269 servi
254 2242 300 2269 Dei
314 2243 429 2270 altissimi
436 2249 494 2270 sunt
503 2264 510 2276 ,
525 2243 702 2270 annuntiantes
713 2242 781 2270 vobis
795 2244 860 2270 viam
873 2243 965 2270 salutis

177 2288 244 2323 (Act.
260 2289 303 2316 16.
325 2287 387 2324 l7);
408 2296 442 2318 an
455 2289 516 2316 ideo
528 2289 588 2316 illos
602 2289 628 2315 in
644 2289 822 2322 apostolorum
844 2288 964 2316 ordinem

177 2333 340 2361 referemus?
351 2334 530 2370 Nequaquam,
542 2333 595 2361 imo
609 2333 786 2361 nihilominus
796 2341 966 2362 exsecramur

177 2379 247 2411 illos,
260 2379 425 2414 odimusque.
443 2379 514 2414 Ergo
528 2386 588 2406 cum
610 2379 689 2406 verba
712 2379 814 2414 prolata
832 2387 885 2407 non
905 2387 966 2407 san-

176 2425 304 2457 Ctilicent,
319 2424 378 2451 libri
390 2425 498 2459 repositi
510 2425 694 2452 sanctiﬁcant?
707 2425 823 2453 Minime.
837 2426 893 2460 Qua
910 2431 965 2454 tan-

176 2469 237 2496 dem
253 2469 374 2496 ratione?
384 2469 439 2498 lmo
452 2470 502 2498 hoc
521 2471 627 2498 nomine
641 2471 684 2498 odi
699 2478 859 2507 synagogam
874 2493 882 2505 ,
895 2473 964 2508 quod

177 2515 262 2550 legem
277 2514 372 2543 habeat
385 2523 416 2543 ac
429 2516 570 2551 prophetas
585 2537 592 2549 ,
615 2521 642 2543 et
662 2525 732 2544 nunc
753 2519 833 2545 etiam
852 2519 965 2553 amplius

175 2560 219 2588 odi
232 2580 239 2592 ,
251 2568 330 2595 quatn
343 2561 365 2588 si
379 2561 443 2589 nihil
457 2562 568 2589 istorunt
580 2562 700 2589 haberet.
716 2562 769 2590 Cur
782 2564 817 2590 ita
832 2563 938 2591 tandem
954 2565 965 2591 ?

176 2606 306 2640 Quoniam
322 2607 421 2635 variam
437 2609 498 2635 hinc
511 2608 609 2636 habent
621 2616 720 2641 escam,
735 2609 886 2645 variamque
901 2610 965 2638 l'rau-

175 2651 217 2678 dis
225 2652 362 2679 tnatcriam
378 2673 385 2684 ,
400 2660 449 2687 qua
464 2654 639 2688 simpliciores
651 2654 777 2682 alliciant.
791 2655 964 2691 Quandoqui-

175 2699 270 2724 demct
283 2697 378 2726 Paulus
390 2699 511 2733 spiritum
523 2699 597 2727 illum
609 2701 760 2735 loquentem
774 2702 872 2737 potius,
886 2709 963 2737 quam

175 2747 307 2770 tacentem
321 2743 409 2779 ejccit.
422 2743 523 2771 Etenim
531 2746 645 2772 molestia
658 2746 780 2782 ttedioque
789 2747 906 2781 affectus,
922 2747 964 2774 in-

175 2788 240 2822 quit,
255 2789 355 2823 spiritui
373 2789 452 2817 dixit:
474 2790 515 2817 exi
527 2791 558 2817 ab
577 2790 642 2826 illa(
656 2790 726 2818 Iln'd.
741 2800 766 2819 υ.
780 2792 814 2820 18
827 2792 849 2827 ).
863 2793 920 2827 Qua
931 2792 965 2820 de

175 2834 273 2861 causa?
294 2834 422 2868 Quoniam
439 2836 589 2864 clamabat:
606 2836 654 2864 Isti
666 2837 776 2865 homines
791 2839 855 2865 servi
864 2838 911 2866 Dei
921 2839 962 2865 al-

775 128 954 158 ADVERSUS
972 127 1120 158 JUDAEOS.
1142 128 1185 156 Vl.

1755 130 1806 160 Oli.

1017 185 1104 211 tissimi
1114 189 1183 211 sunt.
1197 184 1325 212 Taccntes
1339 186 1409 213 enim
1431 194 1482 214 non
1494 186 1603 222 perinde
1614 186 1783 222 decepissent
1797 209 1804 220 ,

1017 230 1154 265 loquentes
1166 235 1254 258 autem
1269 231 1368 259 multos
1382 237 1458 259 erant
1470 233 1646 266 simpliciores
1667 235 1804 260 attracturi

1017 277 1230 312 persuasurique,
1241 285 1294 313 quo
1308 279 1432 307 nimirum
1445 283 1472 306 et
1484 279 1543 306 aliis
1561 280 1587 307 in
1604 280 1685 307 rebus
1697 279 1748 307 sibi
1762 288 1806 307 au-

1016 321 1170 348 scultarent.
1184 322 1319 357 Siquidem
1331 327 1360 350 ut
1375 324 1471 351 ostium
1484 325 1618 359 aperirent
1639 325 1695 352 suis
1709 325 1806 352 fraudi-

1016 365 1076 400 bus,
1104 372 1263 403 possentque
1288 369 1314 395 in
1332 374 1466 404 posterum
1490 370 1594 397 mentiri
1613 371 1806 398 confidentius:

1016 416 1157 446 propterea
1172 421 1233 440 vera
1248 421 1353 448 quoque
1376 415 1502 442 nonnulla
1517 416 1740 450 commiseebant,
1756 424 1806 444 non

1016 457 1094 484 aliter
1107 465 1185 493 quam
1199 460 1244 494 qui
1258 459 1378 487 lethifera
1394 461 1506 488 miscent
1519 469 1620 488 venena
1631 482 1638 494 ,
1668 469 1699 489 os
1721 464 1807 496 poculi

1017 503 1097 530 melle
1108 505 1321 532 clrcumlinentes
1331 526 1338 538 ,
1359 505 1494 539 efliciunt,
1508 511 1537 534 ut
1547 507 1648 534 facilius
1661 508 1805 542 accipiatur

1017 549 1127 576 malum.
1145 550 1219 577 Hauc
1233 551 1268 578 ob
1282 558 1389 578 causam
1402 556 1428 578 et
1447 551 1544 579 Paulus
1563 553 1728 586 potissimum
1744 553 1807 579 afli-

1017 595 1136 622 ciebatur
1154 596 1290 628 molestia,
1306 596 1499 632 festinabatque
1522 598 1574 625 illis
1595 599 1735 626 occludere
1759 607 1788 626 os
1801 622 1808 630 .

1017 640 1087 674 quod
1100 640 1149 668 sibi
1165 643 1347 669 auctoritatem
1363 648 1539 678 usurparent,
1554 652 1718 679 nequaquam
1743 645 1807 680 ipSis

1017 690 1217 719 congruentem.
1240 687 1313 714 Hanc
1328 687 1362 714 ob
1376 695 1483 715 causam
1499 693 1524 715 et
1544 689 1600 724 ipse
1618 689 1726 716 Judmos
1742 689 1785 717 odi
1799 711 1806 721 ,

1018 730 1088 764 quod
1102 738 1161 757 cutn
1176 732 1259 766 legem
1271 732 1395 766 habeant,
1410 733 1494 768 legem
1501 734 1610 766 violant,
1624 739 1650 761 et
1664 734 1714 762 hoc
1729 736 1809 763 modo

1018 776 1192 810 simpliciores
1216 777 1335 805 inescare
1354 784 1493 806 conantur.
1521 779 1578 807 Non
1597 780 1707 814 perinde
1729 789 1809 816 grave

1017 821 1118 849 crimen
1134 822 1314 855 admitterent,
1331 824 1380 850 nisi
1396 831 1455 850 cum
1470 825 1580 852 credant
1595 826 1731 860 prophetis
1742 846 1750 859 ,
1763 834 1808 853 re-

1019 866 1286 901 pugnarentChristo.
1298 868 1372 895 Nunc
1383 877 1447 896 vero
1460 869 1508 896 sibi
1518 878 1623 897 omnem
1639 871 1721 898 venia:
1732 879 1807 906 spem

1018 912 1192 945 ademerunt,
1218 913 1261 947 qui
1277 921 1336 940 cum
1351 921 1379 941 se
1392 915 1492 948 jactent
1516 915 1651 950 prophetis
1670 917 1781 944 credere
1797 938 1804 950 ,

1018 958 1187 985 contumeliis
1199 957 1318 986 afficiunt
1333 967 1393 986 eum
1407 980 1414 992 ,
1427 968 1505 994 quem
1519 960 1555 987 illi
1570 961 1758 995 pra-dixerunt.

1054 1002 1080 1029 7.
1095 1002 1123 1029 In
1139 1011 1259 1037 summa,
1274 1004 1297 1031 si
1323 1004 1411 1032 credis
1433 1005 1520 1033 locum
1543 1013 1604 1033 esse
1627 1012 1749 1035 sanctum
1775 1016 1808 1035 eo

1018 1048 1090 1082 quod
1104 1048 1157 1076 illic
1170 1049 1212 1077 lex
1225 1054 1252 1077 et
1266 1050 1455 1084 prophetarum
1465 1051 1525 1078 libri
1541 1053 1649 1086 repositi
1665 1058 1744 1085 sunt,
1760 1061 1806 1080 su-

1019 1098 1108 1128 perest
1118 1099 1145 1121 ut
1157 1099 1184 1122 et
1197 1095 1266 1122 idola
1280 1100 1306 1122 et
1317 1095 1447 1123 idolorum
1459 1097 1556 1131 teinpla
1570 1105 1618 1132 pro
1639 1099 1739 1126 sanctis
1755 1099 1806 1126 du-

1019 1147 1074 1166 cas.
1095 1140 1232 1174 Quondam
1248 1142 1319 1168 enim
1332 1162 1339 1174 ,
1354 1149 1414 1169 curn
1429 1143 1529 1171 bellum
1551 1148 1654 1172 teneret
1675 1145 1783 1173 Judmos
1802 1167 1810 1179 ,

1018 1185 1132 1212 victores
1146 1187 1231 1213 Azotii
1245 1193 1374 1222 ceperunt
1386 1195 1485 1222 arcam,
1494 1189 1574 1224 inque
1587 1197 1663 1217 suum
1678 1191 1806 1226 templum

1019 1229 1162 1258 intulerunt
1172 1231 1212 1266 (t.
1227 1231 1290 1267 Reg.
1303 1232 1344 1266 5).
1357 1233 1398 1260 An
1411 1233 1472 1260 ideo
1486 1239 1607 1261 sanctum
1622 1240 1680 1262 erat
1702 1236 1806 1263 illorum

1019 1277 1157 1311 templum,
1169 1277 1240 1312 quod
1251 1278 1358 1306 haberet
1370 1287 1457 1306 arcatn
1466 1279 1478 1307 i
1488 1279 1668 1315 Nequaquam,
1685 1282 1732 1309 sed
1746 1290 1809 1317 pro-

1019 1322 1108 1350 fanum
1120 1344 1127 1355 ,
1149 1324 1194 1350 sed
1208 1325 1351 1359 impurum.
1369 1325 1398 1352 id
1419 1327 1537 1361 protinus
1552 1327 1615 1362 ipsis
1636 1328 1711 1356 factis
1724 1329 1810 1357 decla-

1019 1373 1107 1396 ratum
1121 1373 1173 1396 est.
1187 1369 1252 1397 Nam
1267 1375 1294 1397 ut
1313 1370 1404 1398 hostes
1420 1371 1597 1407 intelligerent
1618 1374 1755 1401 victoriam
1771 1375 1810 1410 ip-

1019 1415 1055 1442 sis
1063 1416 1185 1449 cessisse,
1193 1424 1244 1443 non
1254 1417 1287 1444 ob
1296 1417 1477 1452 impotentiam
1487 1419 1594 1453 Dei,sed
1603 1420 1637 1447 ob
1647 1421 1811 1456 iniquitatem

1018 1469 1110 1489 eorum
1124 1470 1139 1489 a
1151 1463 1244 1498 quibus
1254 1463 1392 1492 colebatur
1404 1473 1412 1492 :
1425 1465 1504 1492 etiam
1516 1473 1576 1493 arca
1588 1471 1663 1502 capta
1676 1468 1701 1494 in
1723 1468 1810 1496 aliena

1019 1512 1089 1535 terra
1100 1509 1154 1535 vim
1171 1516 1246 1536 suam
1256 1510 1388 1543 ostendit,
1405 1511 1468 1538 dum
1481 1512 1553 1539 idolo
1566 1512 1605 1539 bis
1621 1513 1647 1540 in
1661 1514 1747 1541 solum
1760 1515 1805 1542 de-

1016 1553 1087 1588 jeeto
1101 1554 1188 1582 ell‘ecit
1202 1560 1231 1582 ut
1242 1557 1321 1583 etiam
1337 1556 1512 1592 frangeretur.
1538 1557 1652 1586 Tantum
1672 1560 1763 1587 aberat
1783 1566 1810 1587 nt

1020 1599 1107 1627 locum
1123 1601 1314 1634 sanctilicaret,
1331 1607 1360 1629 ut
1372 1602 1458 1630 locum
1474 1604 1553 1630 etiam
1568 1611 1742 1640 expugnaret.
1759 1607 1808 1634 Ve«

1019 1652 1077 1671 rum
1089 1645 1131 1672 hic
1145 1654 1265 1680 quantam
1281 1652 1321 1674 est
1333 1655 1394 1674 arca
1411 1656 1492 1682 penes
1505 1648 1611 1677 Judaaos
1623 1671 1630 1683 ,
1648 1651 1690 1677 ubi
1704 1660 1756 1678 non
1771 1658 1812 1680 est

1019 1690 1253 1725 propitiatorium?
1274 1700 1326 1719 non
1341 1693 1477 1720 oraculum
1490 1715 1497 1728 ,
1518 1701 1569 1721 non
1594 1697 1745 1723 testamenti
1767 1701 1809 1723 ta-

1018 1735 1098 1769 bulae,
1113 1744 1165 1763 non
1177 1742 1267 1764 sancta
1281 1742 1506 1772 sanctorum,non
1517 1739 1614 1773 velum,
1629 1749 1680 1768 non
1692 1749 1812 1768 summus

1019 1782 1144 1809 sacerdos
1154 1803 1161 1815 ,
1177 1790 1228 1810 non
1241 1783 1384 1818 thymiama
1400 1805 1407 1817 ,
1421 1792 1472 1811 non
1488 1785 1669 1813 holocaustum
1680 1807 1686 1819 ,
1704 1795 1755 1814 non
1767 1795 1811 1814 sa-

1018 1826 1146 1854 crificium
1159 1848 1167 1860 ,
1184 1835 1235 1854 non
1259 1828 1310 1854 alia
1324 1836 1383 1862 qua:
1407 1833 1462 1856 tum
1485 1837 1573 1857 arcam
1598 1831 1649 1858 illis
1664 1832 1812 1859 reddebant

1018 1872 1195 1899 venerandam
1206 1873 1218 1898 7
1230 1873 1293 1900 Mihi
1304 1873 1409 1908 quidem
1420 1874 1573 1902 Judteorum
1587 1884 1617 1903 ea
1627 1897 1635 1910 ,
1647 1885 1725 1912 quam
1741 1886 1810 1905 nttnc

1019 1917 1128 1950 habent,
1143 1926 1203 1945 arca
1218 1919 1299 1946 niltilo
1313 1920 1407 1946 melius
1421 1919 1519 1948 habere
1530 1921 1635 1949 videtur
1649 1923 1681 1950 iis
1693 1925 1790 1950 arculis
1802 1945 1810 1956 ,

1018 1971 1077 1998 quae
1087 1968 1203 1991 veneunt
1214 1965 1240 1991 in
1254 1964 1328 1998 foro,
1343 1966 1397 1993 imo
1410 1966 1484 2001 pejus
1504 1967 1592 1994 habet.
1607 1968 1672 1995 Natn
1687 1969 1727 1996 ha:
1747 1970 1812 1997 nihil

1018 2008 1115 2040 laedere
1129 2014 1238 2043 possunt
1251 2010 1272 2037 si
1284 2010 1341 2045 quis
1351 2010 1442 2043 adeat;
1458 2011 1504 2038 illa
1514 2019 1578 2039 vero
1587 2014 1704 2047 quotidie
1715 2023 1810 2042 noxam

1019 2054 1098 2082 infert
1112 2056 1144 2082 iis
1156 2055 1201 2090 qui
1215 2056 1386 2083 accesserint.
1403 2054 1524 2090 Fratres,
1544 2065 1574 2084 ne
1587 2058 1642 2084 siti:
1655 2060 1726 2091 pueri
1740 2068 1811 2087 men-

1018 2101 1093 2134 tibus,
1113 2102 1157 2129 setl
1169 2102 1266 2128 malitia
1279 2101 1379 2135 parvuli
1391 2106 1467 2129 estote
1484 2103 1523 2137 (Ι.
1540 2102 1599 2130 Cor.
1615 2104 1657 2131 M.
1673 2105 1719 2141 20)
1733 2113 1812 2137 ;eos-

1018 2155 1069 2181 que
1083 2147 1126 2181 qni
1136 2147 1167 2174 ad
1181 2147 1230 2174 ista
1242 2151 1358 2183 stupent,
1370 2148 1404 2175 ab
1412 2148 1462 2176 hoc
1471 2149 1657 2184 intempestivo
1666 2152 1810 2179 metulibe-

1018 2198 1118 2225 rantes,
1140 2194 1244 2221 erudite
1264 2194 1327 2229 quid
1344 2199 1467 2229 oporteat
1492 2196 1586 2222 timere
1601 2216 1608 2228 ,
1625 2197 1807 2232 revereriquc,

1018 2247 1070 2266 non
1085 2239 1163 2267 istam
1177 2248 1282 2267 arcam:
1309 2241 1354 2268 sed
1370 2241 1439 2276 quod
1454 2248 1644 2270 concurrentes
1667 2244 1699 2270 ad
1725 2245 1807 2276 illam,

1017 2286 1117 2314 violent
1133 2287 1260 2322 templum
1274 2287 1329 2320 Dei,
1347 2295 1395 2322 per
1405 2289 1593 2316 conscientiam
1603 2290 1635 2317 ad
1644 2290 1808 2318 .ludaistutun

1018 2341 1186 2368 propensam,
1207 2341 1254 2368 per
1265 2334 1475 2368 intempestivam
1488 2335 1565 2362 istatn
1584 2336 1808 2365 observationem.

1020 2378 1157 2413 Quotquot,
1173 2379 1266 2414 inquit,
1282 2380 1307 2406 in
1319 2380 1372 2414 lege
1379 2380 1568 2415 justi/immitti,
1588 2389 1604 2408 α
1618 2383 1699 2417 gratia
1711 2384 1799 2410 excidi-

1019 2424 1064 2452 stis
1080 2424 1150 2461 (Gal.
1163 2425 1190 2452 5.
1203 2424 1242 2460 4).
1256 2425 1312 2452 Hoc
1325 2430 1430 2460 oportet
1441 2426 1546 2460 timere,
1559 2434 1592 2454 ne
1606 2427 1631 2454 in
1645 2428 1688 2455 die
1701 2429 1747 2456 illo
1758 2437 1808 2456 au-

1018 2470 1095 2497 diatis
1106 2471 1140 2498 ab
1160 2478 1192 2498 eo
1213 2470 1257 2506 qui
1275 2479 1322 2498 vos
1338 2471 1504 2506 judicaturus
1526 2477 1566 2499 est
1580 2481 1587 2500 :
1603 2472 1744 2507 Discedite,
1757 2483 1808 2501 non

1017 2518 1074 2543 novi
1097 2525 1139 2544 vos
1156 2517 1228 2553 (Luc.
1242 2518 1284 2545 15.
1299 2517 1345 2553 27)
1359 2526 1366 2550 ;
1380 2518 1596 2545 communicastis
1613 2518 1683 2545 enim
1702 2526 1762 2546 cum
1776 2520 1808 2547 iis

1018 2562 1060 2596 qui
1075 2570 1116 2590 me
1130 2562 1333 2595 crucifixerunt;
1344 2567 1372 2590 et
1385 2563 1565 2590 solemnitales
1578 2584 1585 2597 ,
1601 2571 1667 2599 quas
1677 2571 1726 2599 ego
1739 2565 1808 2592 anti-

1017 2608 1095 2642 quavi
1107 2628 1114 2640 ,
1135 2608 1327 2636 contendentes
1350 2615 1456 2635 mecum
1468 2616 1561 2636 rursus
1573 2609 1757 2642 instaurastis;
1772 2610 1805 2637 ad

1017 2654 1181 2687 Judzeorum,
1197 2655 1240 2689 qui
1254 2655 1333 2689 impie
1348 2655 1460 2690 agebant
1476 2654 1501 2682 in
1517 2662 1561 2682 me
1575 2678 1582 2690 ,
1603 2662 1636 2683 ac
1649 2655 1732 2689 legem
1748 2656 1806 2683 vio-

1018 2700 1128 2733 labant,
1151 2707 1298 2735 synagogas
1318 2700 1500 2727 concurristis.
1521 2700 1601 2734 Atqui
1624 2707 1673 2735 ego
1700 2700 1806 2736 quidem

1018 2745 1146 2780 templum
1169 2745 1274 2773 illorutn
1289 2745 1416 2779 subverti,
1437 2749 1464 2772 et
1486 2745 1511 2772 in
1532 2745 1658 2773 ruderum
1679 2752 1805 2773 acervum

1016 2791 1085 2819 verti
1100 2791 1226 2826 templum
1237 2790 1300 2818 illud
1316 2791 1467 2818 venerabile
1479 2812 1486 2824 ,
1500 2798 1543 2818 res
1562 2791 1691 2819 verendas
1705 2795 1732 2819 et
1745 2791 1806 2819 hor-

1018 2838 1115 2866 rendas
1138 2838 1294 2872 continens;
1322 2845 1367 2866 vos
1394 2842 1482 2866 autem
1506 2837 1654 2866 habitacula
1680 2839 1808 2874 euttpttnis
