2006 3124
261 138 311 165 MS

261 193 343 221 nihilo
353 191 463 220 meliora
473 195 499 217 et
509 190 648 224 speluncas
660 189 789 214 latronum
801 185 929 213 coluislis.
943 184 1045 211 Etenim

261 239 283 266 si
298 242 360 266 tunc
371 243 432 264 cunt
444 240 535 263 essent
546 234 699 265 Cherubitn,
716 237 774 258 cntn
789 239 849 258 arca
864 251 872 262 .
888 238 948 257 cum
961 229 1047 255 adhuc

261 283 375 318 Spiritus
389 281 495 308 lloreret
504 280 598 314 gratia,
609 277 692 305 dixit:
706 276 812 303 Fecistis
827 275 890 301 illud
902 274 1049 308 speluncam

260 316 395 352 latronum
411 322 520 356 (Matth.
533 322 563 349 2|
573 341 579 347 .
592 321 650 353 15),
667 325 725 351 aut,
739 320 846 346 domum
858 316 1046 351 negotiationis

263 369 353 403 (Iona.
368 368 396 394 ‘2.
409 367 465 401 26),
477 370 588 401 propter
600 365 758 399 iniquitates
772 371 803 390 ac
819 363 906 390 cmdes
917 362 1025 389 illorum
1039 370 1045 388 :

263 420 333 440 nunc
344 416 488 447 postquam
506 411 567 438 illos
577 410 665 438 sancti
681 409 803 444 Spiritus
813 408 935 436 deseruit
950 407 1046 442 gratia.

262 464 416 494 cunctaque
423 459 469 485 illa
477 457 645 485 venerabilia
655 459 682 483 et
689 455 745 483 Deo
752 459 829 491 grata
837 455 944 482 sublata
953 459 1018 481 sunt
1027 454 1047 488 ¹;

262 513 323 532 enm
334 505 443 540 impiam
456 505 535 532 istam
548 503 708 538 religionem
719 502 857 530 celebrant
868 511 875 534 ς
885 501 950 536 quid
961 501 1049 536 appel-

262 551 344 578 laudo
362 558 517 586 synagogas
529 557 624 577 eortnn
639 555 737 575 nomen
756 547 823 582 ipsis
842 547 954 581 dignum
974 547 1049 574 inve-

264 596 339 624 nias?
353 596 458 623 Etenim
465 596 487 623 si
498 595 554 629 jam
566 599 623 621 tum
631 598 690 621 erat
702 594 832 628 spelunca
842 593 977 620 latronum
988 600 1050 619 eum

264 646 366 670 statum
380 649 459 669 suum
475 641 626 672 obtineret;
649 646 721 666 nunc
737 638 759 666 si
779 639 904 672 lupanar,
919 638 942 665 si
959 642 1051 664 trans-

267 687 419 722 gressionis
438 687 536 718 locum,
553 686 576 713 si
593 685 748 713 daemonum
759 683 952 715 diversorium,
963 683 985 711 si
997 683 1053 710 dia-

266 735 320 761 boli
338 733 583 769 propugnaculum,
605 731 627 759 si
645 731 799 758 animarum
816 729 927 757 exitinm
938 729 1052 761 dixeris,

265 779 288 806 si
300 779 384 806 totius
396 777 558 812 perditionis
575 776 756 812 praecipitium
778 783 810 802 ac
824 775 993 807 barathrum,
1005 774 1054 802 de-

266 825 349 859 nique
374 823 506 858 quidquid
532 822 725 858 appellaveris,
748 821 838 848 minus
854 828 935 856 quam
952 828 1001 854 pro
1016 821 1054 848 rei

267 871 401 906 dignitate
414 869 527 896 dixeris.
537 869 680 903 Templum
691 867 771 902 cupis
781 866 894 894 videre?
908 866 946 894 Nc
959 874 1056 893 curras

266 916 302 944 ad
316 922 494 951 synagogam.
512 913 560 941 sed
573 918 603 940 tu
619 917 680 940 esto
698 913 839 947 templum.
854 911 970 940 Unicum
986 916 1056 939 tem-

268 962 342 997 plum
372 960 457 987 diruit
486 959 559 987 Deus
578 957 773 994 Jcrosolymis,
802 963 828 985 et
850 957 1057 985 innumerabilia

267 1007 354 1034 erexit
380 1006 426 1033 illo
451 1005 531 1039 longe
554 1004 762 1031 venerabiliora.
786 1003 846 1036 Vas,
871 1003 968 1038 inquit,
994 1009 1058 1031 tem-

267 1053 413 1086 plumulis
434 1052 479 1079 Dei
494 1052 600 1079 viventis
617 1051 653 1086 (2.
671 1050 731 1079 (ἴον.
750 1052 775 1078 6.
795 1050 850 1086 16).
863 1050 1056 1078 llanedomum

273 1106 386 1129 exorna,
400 1106 508 1125 omnem
529 1097 606 1133 exige
621 1097 812 1132 cogitationem
835 1097 946 1131 malam,
961 1101 990 1124 ut
1008 1097 1058 1124 ﬁas

269 1145 418 1180 pretiusntn
434 1143 586 1171 membrum
598 1143 712 1175 Christi,
729 1147 758 1170 ut
770 1144 819 1170 tias
830 1143 959 1177 templum
973 1143 1059 1178 Spiri-

269 1195 335 1222 tus;
354 1190 455 1218 deinde
469 1194 496 1217 et
507 1190 577 1217 alios
593 1189 675 1217 redde
686 1189 765 1216 tales.
783 1189 816 1216 Et
827 1189 899 1216 sicut
911 1197 973 1217 cum
982 1190 1059 1217 vides

273 1243 422 1272 pauperes,
437 1244 491 1263 non
507 1235 586 1263 facile
603 1235 793 1269 praetercurris
806 1244 814 1269 ;
829 1235 864 1262 ita
883 1242 946 1262 cum
959 1235 1059 1263 videris

271 1281 390 1316 aliquem
400 1281 433 1308 ad
443 1289 609 1317 synagogam
618 1286 784 1312 currentem,
793 1288 825 1308 ne
835 1280 1002 1312 dissimules,
1011 1281 1058 1309 sed

273 1327 362 1355 verbis
374 1335 422 1354 ceu
445 1327 521 1354 l'reno
535 1327 653 1363 quodam
667 1326 819 1354 cohibitum
832 1326 947 1355 reducas
961 1326 995 1354 ad
1008 1327 1058 1354 Ee-

272 1372 393 1400 clesiam.
405 1371 467 1400 lltcc
477 1372 618 1408 estmajor
625 1372 798 1408 eleemosyna
809 1379 890 1406 quam
905 1372 1064 1405 illa,ettna-,

310 1418 318 1432 ‘
337 1416 376 1440 Alii
388 1424 393 1440 ε
407 1415 503 1444 sublata
513 1419 575 1447 nuit,
592 1420 638 1441 Deo
645 1415 791 1441 nbtuctwttes
799 1413 906 1445 impium,
920 1416 967 1437 etc.

615 132 643 159 S.
662 129 801 158 JDANNIS
819 125 1055 156 CllRYSOSTOMl
1075 125 1232 154 ARCIIIEP.
1253 125 1516 154 CONSTANTINOP.

1842 129 1888 154 M6

1098 183 1141 216 jus
1156 183 1257 210 lucrum
1268 191 1346 218 quam
1360 183 1452 210 decem
1469 183 1550 210 millia
1566 183 1738 210 talentorum:
1755 184 1818 218 quid
1831 185 1888 212 dico

1103 230 1194 257 decem
1214 230 1293 257 millia
1310 230 1433 257 talenta?
1458 229 1542 264 majus
1562 237 1640 264 quam
1665 230 1707 257 hic
1721 230 1888 264 aspectabilis

1101 276 1215 303 mundus
1238 277 1387 303 universus.
1413 276 1548 311 Siquidem
1564 275 1644 302 hotno
1667 280 1708 303 est
1722 280 1777 302 toto
1792 276 1888 302 mundo

1100 322 1261 356 pretiosior:
1287 321 1366 356 hujus
1385 322 1456 349 enim
1476 329 1554 348 causa
1570 326 1597 348 ct
1617 321 1711 348 caelum
1733 325 1760 348 et
1779 325 1850 348 terra
1865 327 1888 348 et

1101 375 1175 394 mare
1189 367 1294 394 condita
1307 371 1367 393 sunt
1383 387 1390 398 ,
1412 371 1439 393 et
1453 367 1492 393 sol
1513 371 1539 393 et
1553 366 1646 393 stellre.
1663 366 1799 400 Perpende
1815 367 1889 401 igitur

1101 420 1198 450 quanta
1213 415 1247 441 sit
1262 413 1376 449 dignitas
1387 413 1456 448 ejus,
1469 413 1544 447 cujus
1555 412 1632 440 saluti
1647 412 1804 444 consulitur,
1821 417 1888 440 etne

1101 459 1294 494 Contempseris
1305 459 1374 486 illius
1385 467 1486 485 curam.
1508 458 1572 484 Nam
1586 458 1689 485 etiamsi
1704 458 1827 492 pecunia:
1841 459 1888 484 vim

1102 505 1257 532 immensam
1270 504 1446 531 dinumeravit
1457 504 1551 538 aliquis
1562 524 1569 535 ,
1586 503 1651 530 nihil
1673 503 1725 530 tale
1744 503 1867 537 praestitit
1879 524 1886 535 ,

1101 552 1178 586 quale
1187 552 1210 578 is
1217 551 1261 586 qui
1272 555 1360 578 servat
1368 550 1523 582 animain,et
1533 549 1641 576 abducit
1650 554 1780 576 anerrore
1792 548 1827 576 ad
1838 549 1887 584 piev

1103 601 1192 623 tatem.
1201 596 1250 630 Oui
1257 596 1360 623 dederit
1368 595 1486 630 pauperi,
1495 594 1591 622 l'amem
1602 595 1694 621 solvit:
1705 595 1748 629 qui
1756 594 1889 629 judaizan-

1103 643 1307 671 temcorrexerit
1321 663 1327 674 ,
1344 643 1506 676 impietatem
1518 641 1653 668 exstinxit.
1676 640 1721 668 Ille
1741 642 1890 675 paupertati

1102 690 1223 716 solatium
1232 688 1364 716 adhibuit:
1376 688 1418 714 hic
1427 687 1590 722 iniquitatem
1602 686 1729 713 inhibuit:
1745 686 1789 712 ille
1798 693 1890 720 corpus

1104 735 1227 762 liberavit
1235 742 1250 761 a
1260 733 1409 765 dolore,hic
1418 733 1498 760 etiam
1507 732 1621 759 animam
1633 731 1728 766 eripuit
1737 739 1750 758 a
1760 731 1888 766 gelteuu.

1102 781 1211 810 Ostendi
1225 782 1424 811 thesaurum,ne
1433 779 1562 806 deseratis
1574 778 1689 805 lucrum.
1702 777 1758 804 Non
1769 782 1813 804 est
1825 777 1890 812 quod

1103 828 1146 854 hic
1157 832 1336 862 paupertatem
1349 825 1503 858 causemini,
1513 829 1611 852 nonest
1619 823 1689 859 quod
1698 823 1891 851 mendicitatem

1104 873 1271 909 prastexatis:
1284 873 1363 899 verba
1377 877 1478 898 tantum
1495 870 1650 898 insumenda
1665 874 1726 896 sunt
1738 890 1746 902 ,
1760 869 1890 896 sermonis

1103 919 1183 946 modo
1202 918 1230 945 ﬁt
1252 917 1381 951 impensa.
1402 916 1441 944 Ne
1452 916 1606 951 pigritemnr
1616 915 1696 950 igitur
1711 935 1720 948 ,
1747 914 1795 942 sed
1825 913 1891 941 omni

1103 964 1191 992 studio
1203 971 1235 991 ac
1249 963 1392 998 cupiditate
1403 970 1530 989 venemur
1545 961 1640 988 fratres
1651 966 1756 987 nostros
1767 981 1775 991 .
1801 961 1890 994 eisque

1105 1010 1145 1036 vel
1167 1009 1255 1036 invitis
1270 1009 1296 1035 in
1312 1009 1420 1036 domum
1434 1012 1552 1034 nostram
1567 1006 1706 1041 pertractis
1719 1026 1728 1039 ,
1754 1006 1891 1041 prandium

1104 1063 1276 1090 apponamus,
1287 1054 1320 1081 ad
1333 1061 1432 1080 mensa:
1441 1053 1655 1080 communionem
1667 1051 1727 1078 illos
1735 1051 1893 1078 asciscamns

1106 1101 1194 1134 hodie,
1206 1106 1243 1133 ιιι,
1257 1100 1299 1128 ubi
1313 1104 1404 1127 nostro
1419 1099 1445 1126 in
1460 1103 1602 1133 conspectu
1618 1098 1746 1133 jejunium
1757 1098 1892 1128 solverint.

1105 1147 1222 1180 satisque
1243 1144 1436 1172 declaraverint
1451 1164 1458 1176 ,
1484 1144 1616 1178 ﬁdemque
1636 1143 1741 1178 plenam
1767 1143 1893 1171 l'ecerint.

1105 1191 1176 1227 quod
1200 1191 1225 1218 in
1249 1191 1342 1218 melius
1367 1189 1479 1217 correcti
1507 1189 1559 1216 sint
1571 1209 1578 1220 ,
1593 1194 1619 1215 et
1634 1189 1684 1216 sibi
1699 1189 1762 1223 ipsis
1779 1193 1808 1215 et
1823 1188 1894 1214 nobis

1107 1243 1204 1266 :eterna
1219 1238 1287 1264 bona
1308 1237 1472 1269 concilient,
1496 1236 1579 1271 gratia
1601 1242 1632 1262 ac
1656 1235 1775 1262 bonitate
1791 1234 1893 1262 Domini

1107 1283 1190 1311 nostri
1201 1282 1264 1310 Jesn
1278 1281 1447 1316 Christi,per
1460 1288 1538 1316 quem
1559 1285 1586 1307 et
1607 1287 1667 1307 cum
1688 1288 1741 1315 quo
1762 1279 1837 1306 Patri
1849 1287 1894 1305 una

1107 1337 1167 1357 cum
1184 1328 1282 1363 Spiritu
1295 1332 1388 1355 sancto
1400 1327 1483 1362 gloria
1497 1347 1504 1359 ,
1521 1333 1592 1353 nunc
1604 1330 1630 1353 et
1641 1333 1746 1360 semper
1761 1328 1790 1352 et
1805 1325 1831 1351 in
1851 1332 1894 1351 sm-

1107 1375 1167 1402 cula
1182 1374 1353 1407 sateutornm,
1366 1374 1462 1400 Amen.

819 1452 1895 1467 ,_______________—___________

664 1498 773 1552 AD
784 1491 1069 1550 VERSUS
1118 1488 1474 1548 JUDEOS.

930 1590 1241 1618 «ewmww

539 1660 634 1681 ORATIO
652 1660 773 1680 εειττιιιιι.
987 1682 989 1685 ι

299 1700 324 1727 1.
344 1699 412 1726 Nam
424 1705 472 1726 vos
486 1705 583 1733 pugnre
596 1697 673 1732 hujus
687 1705 746 1724 cum
759 1696 858 1724 Judzeis
869 1699 999 1730 susceptae
1012 1701 1057 1722 sa-

263 1743 341 1771 tietas
360 1743 445 1778 cepit?
465 1743 505 1770 An
519 1742 599 1769 vultis
613 1746 643 1769 ut
655 1748 747 1769 rursus
761 1741 839 1768 hodie
853 1747 958 1775 quoque
971 1743 1057 1766 mate-

266 1790 332 1818 riam
344 1789 464 1817 eatndem
476 1788 638 1816 tractemus?
648 1789 812 1822 Quamquam
823 1787 893 1814 enim
904 1786 984 1814 multa
996 1791 1058 1814 sunt

262 1836 316 1870 jam
330 1835 410 1867 dicta,
423 1840 539 1862 attamen
554 1835 669 1862 arbitror
680 1841 727 1861 vos
737 1834 775 1861 sic
784 1833 892 1860 affectos
905 1837 934 1860 ut
945 1832 1057 1867 cupiatis

263 1882 356 1909 iisdem
372 1882 405 1909 de
422 1881 500 1909 rebus
513 1881 608 1908 iterum
622 1880 725 1908 audire.
738 1879 842 1908 Etenim
854 1880 898 1915 qui
912 1887 964 1907 non
977 1880 1056 1907 satia-

264 1931 308 1954 tur
322 1934 412 1954 amore
425 1934 487 1960 erga
502 1926 602 1959 Jesum,
615 1926 637 1954 is
652 1933 702 1953 nec
716 1932 842 1960 umquam
857 1925 995 1952 satiabitur
1009 1932 1057 1958 pn-

263 1980 313 2007 gua
328 1971 455 1999 adversus
470 1979 517 1998 eos
531 1975 663 2006 suscepta,
680 1971 724 2006 qtti
737 1970 828 1998 .lcsum
843 1970 966 1998 oderunt.
983 1970 1055 1997 Prae-

261 2022 333 2044 terea
346 2021 434 2044 autem
449 2017 524 2044 nobis
539 2017 582 2044 hic
595 2024 684 2044 sermo
699 2016 865 2044 necessarius
883 2020 924 2043 est
941 2025 947 2043 :
961 2023 1055 2049 super-

261 2067 323 2090 sunt
337 2063 407 2090 enim
427 2063 514 2091 adhuc
533 2063 660 2090 festorum
681 2062 834 2089 .ludteorum
855 2061 982 2096 reliquire.
1003 2060 1056 2087 Sed

261 2108 484 2144 quemadmodum
499 2108 602 2134 illorum
615 2107 685 2134 tubae
695 2107 778 2134 multo
788 2106 972 2134 sceleratiores
981 2111 1058 2132 erant

265 2154 299 2181 iis
313 2161 372 2189 qua:
387 2158 482 2180 sonant
496 2153 522 2180 in
537 2153 657 2185 theatris,
671 2158 695 2180 et
709 2152 809 2187 jejunia
822 2151 915 2186 quavis
928 2151 1057 2178 ebrietate

265 2203 294 2227 et
316 2200 509 2226 comessatione
532 2204 607 2226 crant
632 2198 770 2233 turpiora:
787 2199 821 2225 ita
843 2202 870 2226 et
890 2198 1056 2225 tabernacula

266 2253 325 2281 qua:
342 2253 412 2273 nunc
426 2245 494 2280 apud
511 2245 570 2271 illos
583 2245 698 2280 ﬁguntur
710 2264 717 2276 ,
732 2244 815 2271 nihilo
828 2249 891 2270 sunt
905 2244 1056 2270 honestiora

264 2290 428 2321 diversoriis,
442 2291 467 2318 in
480 2290 576 2325 quibus
590 2293 677 2317 scorta
691 2293 830 2317 versantur
841 2296 872 2316 ac
883 2289 1006 2316 tibicina).
1019 2289 1057 2316 Ne

263 2338 322 2373 quis
346 2342 435 2364 autem
459 2337 606 2364 orationem
630 2336 699 2363 hanc
719 2335 838 2363 audacia:
857 2335 974 2363 damnet.
989 2335 1055 2362 Nam

264 2391 346 2411 ausus
357 2387 398 2410 est
410 2388 545 2410 extremus
557 2389 715 2417 summaque
727 2381 851 2417 iniquitas
862 2389 939 2409 secus
952 2381 985 2409 de
998 2381 1056 2409 istis

262 2429 379 2464 opinari.
388 2428 454 2455 Cum
469 2428 538 2456 enim
551 2427 678 2455 adversus
690 2429 771 2455 Deum
784 2428 944 2456 contendant
955 2435 986 2455 ac
997 2429 1056 2463 Spi-

263 2473 324 2501 ritui
340 2477 432 2501 sancto
448 2473 587 2505 resistant,
601 2481 649 2500 cur
664 2481 716 2500 non
733 2474 810 2501 talem
824 2473 856 2501 de
871 2474 923 2501 illis
937 2473 1055 2502 feramus

263 2519 442 2546 sententiam?
456 2518 519 2545 Erat
536 2518 598 2545 olim
620 2518 670 2546 hoc
689 2518 785 2546 l'esttnn
807 2519 959 2546 venerabile
971 2539 978 2550 ,
994 2526 1054 2546 cum

261 2565 335 2600 juxta
356 2565 441 2600 legem
461 2564 552 2595 ﬁeret.
574 2564 672 2600 Deique
689 2565 783 2600 jussu;
806 2573 876 2592 nunc
894 2570 982 2592 autem
1003 2573 1054 2592 non

264 2611 378 2647 amplius
389 2619 396 2644 ',
408 2618 468 2638 nam
485 2615 536 2637 tota
551 2610 620 2637 illius
633 2610 747 2646 dignitas
760 2610 865 2638 sublata
877 2615 928 2643 est,
940 2618 973 2638 eo
984 2610 1055 2645 quod

263 2664 356 2687 contra
373 2659 419 2686 Dei
441 2662 556 2685 ntcntctn
577 2657 735 2684 celebratur.
750 2657 852 2691 Quique
867 2656 982 2684 maxime
997 2657 1054 2683 vio-

269 2706 324 2732 lant
337 2705 421 2740 legem
438 2704 576 2739 priscaque
590 2703 667 2737 festa,
683 2703 700 2730 ii
715 2704 831 2731 maxime
845 2704 962 2730 omnium
976 2709 1052 2735 sunt,

262 2751 306 2785 qui
320 2759 390 2778 nunc
405 2750 527 2778 videntur
540 2757 570 2776 ca
581 2749 726 2777 celebrare.
739 2749 774 2776 At
784 2756 832 2776 nos
842 2749 955 2776 maxime
969 2749 1054 2784 legem

262 2804 436 2828 veneramur,
451 2797 495 2831 qni
510 2803 567 2823 eam
582 2795 654 2822 velut
668 2795 802 2822 hominem
816 2795 890 2822 senio
904 2794 1054 2822 confectum

262 2842 400 2877 quiescere
411 2842 534 2875 sinimus,
550 2848 598 2871 nec
610 2842 635 2868 in
650 2841 762 2868 stadimn
779 2841 967 2876 protrahimus,
980 2845 1053 2875 post-

1111 1656 1224 1683 eaquam
1240 1648 1366 1680 incanuit,
1379 1654 1464 1682 neque
1478 1647 1567 1675 alieno
1581 1651 1700 1682 tempore
1712 1650 1818 1674 certare
1831 1654 1898 1674 cout-

1109 1694 1241 1729 pellimus.
1252 1693 1326 1720 Nunc
1337 1694 1406 1719 enim
1414 1699 1523 1720 necesse
1531 1693 1596 1727 legis
1605 1696 1708 1727 tempus
1717 1713 1725 1724 ,
1736 1700 1787 1720 nec
1795 1698 1900 1720 vetuste

1109 1739 1254 1773 religionis,
1268 1738 1332 1766 satis
1343 1742 1404 1765 ante
1414 1738 1653 1765 demonstravimus
1665 1747 1671 1765 :
1684 1746 1732 1773 age
1741 1739 1823 1773 igitur
1833 1739 1899 1773 quod

1112 1788 1236 1819 superest
1247 1783 1326 1811 hodie
1338 1784 1511 1811 excutiamus.
1523 1783 1592 1811 Satis
1604 1783 1710 1818 quidem
1722 1789 1789 1814 erat.
1805 1790 1835 1811 ut
1847 1791 1900 1811 cum

1108 1839 1141 1858 ex
1163 1830 1299 1866 prophetis
1320 1829 1443 1858 omnibus
1469 1829 1715 1862 demonstrassem,
1738 1830 1812 1864 quod
1838 1837 1902 1856 nunc

1109 1881 1185 1904 extra
1197 1876 1388 1912 Jerosolymam
1403 1876 1454 1903 tale
1466 1876 1600 1910 quippiam
1614 1875 1712 1907 facere,
1725 1876 1901 1910 transgressio

1108 1923 1174 1958 legis
1188 1922 1222 1949 sit
1234 1927 1261 1949 et
1280 1922 1412 1955 impietas,
1425 1921 1496 1948 omni
1512 1921 1602 1948 labore
1616 1921 1727 1948 levarer.
1741 1921 1810 1948 Nam
1824 1922 1848 1949 si
1864 1929 1902 1947 ve-

1109 1976 1166 1995 rum
1176 1972 1257 2000 esset,
1269 1967 1339 2002 quod
1348 1967 1388 1994 isti
1395 1974 1502 2001 semper
1510 1966 1606 2001 ubiqtte
1612 1966 1742 2000 jactantes
1751 1968 1903 1998 mussitant.

1109 2013 1224 2040 futurum
1244 2018 1272 2040 ιιι
1286 2013 1417 2041 civitatem
1431 2012 1519 2040 denuo
1533 2013 1682 2047 recipiant,
1699 2019 1732 2039 ne
1745 2013 1784 2040 sic
1797 2014 1903 2048 quidem

1109 2060 1212 2095 possint
1225 2068 1238 2086 a
1254 2059 1358 2086 violatae
1373 2059 1436 2094 legis
1451 2058 1561 2086 crimine
1576 2058 1682 2086 liberari
1697 2067 1704 2085 :
1719 2048 1841 2087 attamen
1856 2067 1904 2087 uos

1108 2114 1141 2133 ex
1154 2106 1297 2133 abundanti
1310 2105 1361 2132 hoc
1375 2113 1481 2141 quoque
1496 2105 1753 2137 demonstravimus,
1767 2106 1843 2140 quod
1860 2113 1905 2132 nec

1108 2151 1201 2178 civitas
1214 2151 1248 2178 sit
1263 2150 1443 2183 instauranda,
1456 2158 1542 2185 neque
1555 2150 1670 2185 priscum
1684 2150 1842 2185 reipublica:
1855 2156 1905 2178 sta—

1109 2203 1164 2225 ttnn
1181 2198 1234 2225 sint
1249 2197 1390 2232 recepturi.

1143 2244 1245 2272 Judaici
1261 2245 1322 2271 ritus
1335 2243 1458 2279 abrogati.
1470 2257 1505 2263 —-
1516 2243 1570 2270 lloc
1589 2247 1677 2270 autem
1698 2241 1906 2272 demonstrato.

1108 2291 1208 2326 reliqua
1223 2291 1310 2318 omnia
1325 2291 1350 2317 in
1365 2289 1487 2317 confesso
1500 2293 1572 2322 sunt,
1588 2289 1711 2316 videlicet
1724 2288 1798 2323 quod
1814 2296 1904 2324 neque

1107 2337 1298 2365 sacriﬁciorum
1312 2337 1388 2369 ritus,
1401 2343 1486 2370 neque
1501 2335 1724 2366 holocaustorum,
1738 2341 1830 2369 neque
1843 2335 1907 2369 legis

1107 2384 1147 2411 vis
1158 2404 1165 2416 ,
1182 2391 1233 2410 nec
1245 2383 1295 2410 alia
1313 2390 1374 2418 pars
1388 2382 1441 2409 ulla
1454 2387 1539 2408 status
1554 2382 1622 2408 illius
1635 2380 1782 2408 consistere
1794 2382 1907 2415 poterit.

1108 2430 1224 2457 Primum
1238 2429 1308 2458 enim
1322 2428 1447 2464 prmcepit
1461 2428 1513 2460 lex,
1528 2432 1558 2454 ut
1573 2432 1612 2455 ter
1629 2428 1654 2454 in
1667 2434 1738 2454 anno
1750 2434 1838 2454 omne
1853 2436 1908 2453 ma.

1108 2476 1237 2503 sculiuum
1252 2475 1409 2503 ascenderet
1422 2475 1447 2502 in
1462 2474 1587 2509 templum
1601 2473 1697 2508 (Exod.
1709 2473 1754 2499 25.
1771 2472 1834 2506 17).
1849 2473 1910 2500 Ca:-

1107 2525 1193 2549 terum
1208 2521 1311 2556 dejecto
1332 2521 1430 2555 templo
1444 2541 1450 2552 ,
1465 2519 1516 2546 hoc
1531 2519 1587 2546 lieri
1602 2518 1700 2554 nequit.
1717 2518 1822 2545 llursus
1838 2525 1907 2552 prae

1107 2571 1224 2601 ceperat,
1241 2571 1270 2593 nt
1283 2566 1327 2601 qui
1343 2566 1472 2601 proﬂuvio
1484 2565 1594 2592 seminis
1609 2565 1751 2595 laboraret,
1767 2563 1815 2598 qui
1832 2564 1907 2598 lepra

1108 2611 1303 2640 contaminatus
1325 2616 1394 2638 esset
1408 2631 1415 2643 ,
1431 2618 1489 2645 qute
1504 2615 1640 2637 menstruo
1657 2609 1727 2635 lluxn
1745 2613 1890 2635 teneretur
1901 2629 1907 2635 .

1106 2666 1164 2693 qua:
1179 2658 1342 2692 peperisset,
1358 2657 1466 2684 oll‘crret
1478 2657 1605 2683 sacriﬁcia
1620 2654 1719 2690 (Leuit.
1739 2655 1770 2682 l5
1784 2654 1804 2689 ).
1825 2655 1909 2689 Atqui

1107 2711 1157 2731 nec
1172 2703 1221 2731 hoc
1236 2703 1292 2730 ﬁeri
1306 2708 1394 2738 potest
1407 2723 1414 2734 ,
1429 2710 1488 2729 cum
1504 2702 1573 2729 desit
1588 2701 1664 2728 locus
1674 2720 1682 2734 ,
1700 2708 1749 2727 nec
1763 2706 1859 2728 exstet
1873 2702 1909 2727 al<

1107 2755 1175 2777 tare.
1190 2749 1273 2778 Jussit
1285 2749 1343 2776 cani
1358 2757 1448 2776 sacros
1463 2748 1585 2784 hymnos,
1599 2753 1626 2775 ct
1639 2748 1689 2774 hoc
1703 2752 1766 2775 ante
1780 2747 1911 2775 declam-

1107 2795 1192 2822 vimus
1207 2799 1262 2822 tum
1277 2795 1325 2822 loci
1342 2795 1443 2822 ratione
1458 2794 1561 2827 vetari,
1577 2798 1630 2820 tum
1645 2800 1659 2819 a
1673 2793 1814 2828 prophetis
1829 2794 1911 2820 dam-

1107 2841 1162 2868 nari
1177 2861 1184 2875 ,
1209 2840 1394 2868 accusantibus
1417 2840 1476 2867 illos
1498 2847 1529 2867 ac
1551 2839 1701 2867 dicentibus
1715 2859 1722 2868 .
1745 2839 1818 2874 quod
1846 2840 1911 2866 turis
