2043 3116
199 167 251 195 915

196 225 268 256 τότε,
284 224 328 250 ὅτε
347 224 380 251 τὰ
398 224 532 260 χερουόὶμ
550 221 595 259 ἦν,
611 223 654 250 ὅτε
672 224 689 259 ἡ
705 223 830 257 κιϐωτὸς,
851 224 926 261 [661]
942 225 986 252 ὅτε

201 267 238 293 ἔτι
265 265 422 300 Ιίνεύματος
448 265 561 300 ἐπήνθει
575 265 664 300 χάρις,
685 265 732 292 νῦν
745 265 794 300 μέν
814 266 920 300 ἔλεγεν,
946 267 985 293 ὅτι

205 306 383 341 Ἐποιήσίιτε
400 307 494 334 αὑτὸν
506 306 660 341 σπήλαιον
677 307 811 340 λῃστῶν,
826 307 873 334 νῦν
885 307 913 334 δὲ
923 328 930 340 ,
946 308 986 334 ὅτι

197 347 289 375 Οἷκον
304 348 456 382 ἐμπορίου,
469 347 513 374 διὰ
526 347 577 379 τὰς
592 347 763 383 παρανομίας
775 348 864 375 αὐτῶν
876 349 923 375 καὶ
938 349 986 376 τὰς

197 389 354 425 μιαιφονίας
363 397 369 404 ·
386 389 433 415 νῦν
445 389 489 415 ὅτε
502 389 601 420 αὐτοὺς
618 390 634 424 ἡ
645 389 691 415 τοῦ
717 389 875 424 Πνεύματος
889 391 972 424 ἐγκαλ.
984 405 988 411 -

196 431 273 458 ἐλιπε
287 431 375 466 χάρις,
385 430 432 456 καὶ
446 430 534 458 πάντα
549 431 639 457 ἐκεῖνα
653 430 786 466 ἀνῄρηται
796 431 829 457 τὰ
844 431 938 466 σεμνά,
948 431 985 468 τῷ

196 472 257 508 Θιῴ
272 471 483 507 φιλονεικοῦντες
497 479 520 505 ι,
538 473 587 508 τὴν
604 473 760 508 παράνομον
777 472 878 508 ταύτην
893 474 985 500 ἐπιτε-

197 514 273 540 λοῦσι
288 514 424 549 λατρείαν,
441 514 466 540 τί
479 513 511 540 ἄν
525 523 566 545 τις
580 513 736 549 προσειπὼν
759 514 809 546 τὰς
826 515 985 549 συναγωγὰς

197 556 287 582 αὐτῶν
301 556 334 588 1),
353 555 431 588 ἀξίαν
456 555 532 582 ἔσται
553 555 678 591 εὑρηκὼς
696 557 870 591 ἐπωνυμίαν;
885 557 915 582 El
931 556 984 592 γάρ

197 597 257 624 τότε
278 597 408 632 σπήλαιον
436 597 541 634 λῃστῶν
558 595 602 634 ἦν,
621 598 665 624 ὅτε
681 598 721 624 ἔτι
736 598 770 625 τὰ
786 598 835 633 τῆς
848 598 984 631 πολιτείας

197 638 318 674 ἐκράτει,
330 639 376 665 νῦν
393 638 443 665 κᾶν
461 640 595 674 πορνεῖον,
613 639 664 665 κᾶν
689 640 861 675 παρανομίας
874 640 983 675 χωρίον,

197 679 249 707 κᾶν
263 680 397 716 δαιμόνων
424 680 608 715 καταγώγιον,
630 680 681 708 κᾶν
703 680 826 707 διαϐόλου
844 682 984 717 φρούριον,

197 722 248 748 κᾶν
259 721 351 757 ψυχῶν
368 722 488 758 ὄλεθρον,
501 722 553 749 κᾶν
576 722 713 754 ἀπωλείας
732 722 840 758 ἁπάσης
862 723 983 758 κρημνὸν

197 764 244 790 καὶ
260 763 406 800 βάραθρον,
423 764 474 791 κᾶν
489 764 576 790 ὁτιοῦν
588 773 631 796 τις
644 765 779 800 προσείπῃ
791 784 798 796 ,
814 764 923 791 ἔλαττον
935 765 983 800 τῆς

196 805 273 837 ἀξίας
283 806 350 841 ἐρεῖ.
368 806 439 833 Ναὸν
453 806 595 841 ἐπιθυμεῖς
612 806 689 838 ίδεῖν;
708 806 745 841 μὴ
763 806 867 841 δράμῃς
882 807 922 838 εἰς
935 806 983 842 τὴν

198 847 369 882 συναγωγὴν,
384 847 451 874 ἀλλὰ
463 847 541 881 γενοῦ
555 848 587 874 σὺ
602 848 676 879 ναός.
692 848 760 874 Ἕνα
776 847 882 874 καθεῖλε
892 848 956 874 ναὸν
969 849 983 875 ὁ

196 889 262 920 Θεὸς
274 890 303 916 ὲν
316 888 520 925 Ἰεροσολύμοις,
534 890 581 915 καὶ
596 889 709 924 μυρίους
719 888 866 924 ἀνέστησεν
878 890 982 916 ἐκείνου

197 930 287 966 πολλῷ
313 931 504 966 σεμνοτέρους·
534 930 632 965 Ὑμεῖς
655 930 710 966 γὰρ
730 931 803 963 ναὸς
824 930 897 956 Θεοῦ
915 931 985 957 ἐστε

195 971 314 1005 ζῶντος,
328 972 404 1007 φησί.
422 970 601 999 Καλλώπισον
626 971 728 1007 ταύτην
747 971 796 1007 τὴν
816 972 914 1003 οἱκίαν;
932 972 985 998 ἀπ-

195 1012 291 1039 έλασον
308 1013 395 1040 πάντα
405 1012 534 1048 λογισμὸν
553 1013 680 1048 πονηρὸν,
705 1013 748 1039 ἴνα
764 1013 831 1049 γένῃ
844 1012 923 1048 μέλος
937 1013 983 1039 τοῦ

196 1053 314 1088 Χριστοῦ
329 1053 428 1089 τίμιον,
444 1054 487 1081 ἵνα
500 1054 566 1091 γένῃ
579 1055 642 1086 ναὸς
656 1054 702 1081 τοῦ
716 1054 786 1080 Πνεύ
792 1062 876 1089 ματος
885 1061 892 1069 ·
905 1054 982 1089 ποίη-

197 1102 243 1120 σον
258 1095 306 1121 καὶ
330 1095 440 1131 ἐτέρους
459 1095 606 1127 τοιούτους.
633 1096 688 1122 Καὶ
710 1095 836 1131 καθάπερ
863 1095 983 1130 πένητας

195 1135 313 1170 ὁρῶντες
329 1137 378 1162 οὐκ
393 1137 425 1163 ἂν
438 1137 643 1173 παραδράμοιτε
658 1136 766 1172 ῥᾳδίως,
783 1136 853 1163 οὕτω
868 1136 916 1162 καὶ
936 1135 981 1163 τὸν

196 1177 242 1203 ἐπὶ
258 1177 307 1212 τὴν
321 1179 481 1213 συναγωγὴν
497 1179 626 1214 τρέχοντα
641 1178 746 1213 βλέπων
758 1199 766 1211 ,
793 1177 830 1213 μὴ
853 1177 980 1213 παρίδῃς,

196 1217 252 1243 ἀλλ’
269 1218 362 1254 ὥσπερ
378 1219 478 1254 χαλινῷ
492 1229 544 1247 τινι
562 1219 600 1255 τῷ
617 1220 688 1255 λόγῳ
711 1219 854 1254 κατασχὼν
874 1220 914 1250 είς
931 1218 981 1254 τὴν

202 1259 365 1294 Ἐκκλησίαν
382 1261 548 1295 ἐπανάγαγε.
560 1261 634 1295 Αὕτη
648 1260 747 1287 πλείων
758 1261 866 1295 ἐκείνης
879 1260 895 1295 ἡ
910 1259 984 1295 ἐλεη-

194 1300 310 1337 μοσύνη,
330 1302 377 1329 καὶ
390 1302 494 1337 μυρίων
509 1302 648 1329 ταλάντων
667 1301 759 1338 μεῖζον
774 1302 804 1329 τδ
815 1300 982 1337 κέρδος.Καὶ

226 1383 301 1417 ι-Αίὶἱ
321 1385 404 1416 σεμνὰ,
415 1385 449 1417 τῷ
462 1386 515 1416 Θεῷ
533 1384 820 1417 φειλονεικοῦντες,γηο[οι
830 1383 914 1408 Monlf.
933 1382 979 1413 qui

194 1414 257 1466 legit
268 1414 405 1445 perpel‘am;
415 1414 489 1448 σεμνὰ
498 1414 582 1448 καίτῷ
599 1417 628 1440 Θ.
642 1416 706 1447 φίλα,
717 1416 760 1444 τὴν
769 1423 797 1439 π.

254 1446 328 1466 Deest
337 1447 414 1466 αὐτῶν
424 1448 448 1466 in
462 1454 548 1466 nntom
565 1454 623 1466 m9“.

252 1446 328 1470 Deest
337 1447 414 1470 αὐτῶν
424 1446 449 1471 ili
461 1454 549 1471 novem
565 1446 624 1472 mss.

748 166 931 194 ADVERSUS
955 167 992 196 JU
999 168 1112 197 DAEOS.
1137 168 1192 196 VII.

1773 172 1823 200 916

1036 227 1062 252 τί
1077 226 1148 261 λέγω
1174 225 1279 262 μυρίων
1294 225 1448 257 ταλάντων;
1466 223 1573 251 καὶτοῦ
1600 224 1702 259 κόσμου
1724 226 1824 258 παντὸς

1036 267 1083 294 τοῦ
1093 267 1265 302 φαινομένου,
1281 266 1341 293 ἐπεὶ
1351 266 1398 292 καὶ
1413 266 1427 292 ὀ
1439 265 1581 300 ἄνθρωπος
1590 265 1636 292 τοῦ
1647 265 1748 301 κόσμου
1759 276 1825 294 παν-

1035 308 1080 340 τὸς
1095 308 1274 343 τιμιώτερος·
1295 307 1339 334 διὰ
1355 306 1409 342 γὰρ
1428 307 1508 334 αὐτὸν
1523 307 1570 333 καὶ
1590 307 1704 342 οὐρανὸς
1723 309 1770 334 καὶ
1788 309 1824 344 γῆ

1036 350 1083 376 καὶ
1101 350 1222 376 Θάλασσα
1236 349 1342 383 γέγονε,
1359 349 1406 375 καὶ
1419 348 1553 383 ἥλιοςκαὶ
1571 348 1695 383 ἀστέρες.
1717 349 1825 384 Ἐννόη-

1037 400 1082 418 σον
1096 391 1185 418 τοίνυν
1198 392 1229 417 τὸ
1241 390 1347 425 ἀξίωμα
1361 389 1408 416 τοῦ
1427 389 1578 425 σωζομένου
1591 410 1598 422 ,
1623 390 1671 416 καὶ
1689 390 1725 425 μὴ
1742 399 1826 417 καταο

1036 433 1173 468 φρονήσῃς
1185 432 1266 458 αὑτοῦ
1283 432 1331 467 τῆς
1341 431 1512 466 ἐπιμελείας.
1529 431 1588 458 Κᾶν
1609 431 1663 466 γὰρ
1687 431 1771 467 μυρία
1783 439 1825 463 τις

1035 474 1178 510 καταϐάλῃ
1191 474 1330 509 χρήματα,
1345 473 1419 499 οὐδὲν
1427 471 1546 499 τοιοῦτον
1564 473 1721 508 ἐργάζεται,
1738 474 1799 500 ὄσνν
1810 475 1825 499 ό

1035 515 1123 551 ψυχὴν
1137 514 1286 547 διασώξων,
1296 514 1342 541 καὶ
1354 513 1458 549 πλάνης
1467 514 1592 548 ἀπάγων,
1608 514 1655 540 καὶ
1669 514 1737 549 πρὸς
1748 515 1825 541 εὐσέ-

1037 556 1113 583 ϐειαν
1124 556 1311 592 χειραγωγῶν.
1335 556 1364 581 '0
1375 555 1469 590 πένητι
1479 555 1541 586 δοὺς
1551 555 1629 590 λιμὸν
1641 555 1744 587 ἔλυσεν,
1753 557 1766 582 ὀ
1779 556 1824 583 τὸν

1042 598 1218 630 Ἰουδαῖςοντα
1229 597 1375 632 διορθώσας
1387 597 1514 623 ἀσέϐειαν
1527 597 1628 624 ἀνεῖλεν
1638 605 1644 612 ·
1661 598 1762 628 ἐκεῖνος
1775 606 1824 624 πε-

1034 640 1093 666 νίαν
1106 640 1330 675 παρεμυθήσατο,
1338 637 1414 670 οὗτος
1429 638 1601 673 παρανομίαν
1611 638 1723 674 ἔστησεν
1734 648 1740 653 ·
1752 641 1824 666 ἐκεῖ-

1033 689 1078 712 νος
1087 681 1118 707 τὺ
1134 681 1214 716 σῶμα
1229 681 1325 715 ὀδύνης
1342 679 1506 715 ἀπήλλαξεν,
1523 675 1600 710 οὗτος
1611 680 1656 706 καὶ
1670 680 1719 715 τὴν
1734 680 1822 716 ψυχὴν

1033 722 1084 757 τῆς
1098 722 1210 758 γεέννης
1231 722 1397 757 ἐξήρπασεν.
1416 721 1524 753 Ἐδειξα
1547 720 1593 746 τὸν
1611 720 1758 756 θησαυρὸν,
1785 723 1822 757 μὴ

1034 764 1155 798 προδῶτε
1170 764 1200 790 τὸ
1211 764 1316 798 κέρδος.
1335 763 1392 789 Οὐκ
1409 762 1481 788 ἔστιν
1498 761 1614 788 ἐνταῦθα
1629 763 1723 789 πενίαν
1736 763 1818 790 αἰτιά-

1035 804 1141 837 σασθαι,
1161 805 1212 830 οὐκ
1233 805 1291 831 ἔστι
1308 803 1442 839 πτωχείαν
1464 803 1666 838 προϐαλέσθαι·
1691 804 1822 839 ῥημάτων

1033 846 1107 873 ἐστὶν
1120 847 1137 881 ὴ
1161 845 1277 882 δαπάνη,
1291 846 1378 879 λόγων
1393 845 1451 872 ἐστὶ
1464 845 1494 871 τὸ
1507 845 1647 880 ἀνάλωμα.
1669 846 1715 881 Μὴ
1733 846 1822 873 τοίνυν

1033 888 1256 922 κατοκνήσωμεν,
1282 887 1351 918 ἀλλ’,
1376 888 1427 921 ὅση
1453 887 1553 921 σπουδὴ
1572 892 1584 906 ε
1601 888 1648 914 καὶ
1673 887 1820 923 προθυμία.

1033 930 1096 961 τοὺς
1110 929 1240 964 ἀδελφοὺς
1254 929 1430 964 θηρεύσωμεν
1442 928 1675 964 τοὺςήμετέρους,
1688 930 1734 956 καὶ
1743 930 1824 956 ἄκον-

1033 979 1083 1002 τας
1098 972 1138 1002 είς
1152 971 1202 1003 τὰς
1228 971 1317 1002 οἰκίας
1332 970 1381 1002 τὰς
1407 970 1510 996 ἑαυτῶν
1525 970 1622 1001 αὐτοὺς
1647 970 1822 1002 ἑλκύσαντες.

1034 1012 1144 1048 ἄριστον
1161 1011 1345 1048 παραϐῶμεν,
1358 1012 1406 1038 καὶ
1422 1011 1562 1048 τραπέζης
1580 1011 1672 1043 αὐτοῖς
1692 1013 1823 1047 κοινωνή-

1035 1063 1126 1090 σωμεν
1149 1055 1277 1090 σήμερον,
1295 1054 1338 1080 ἵνα
1353 1055 1397 1080 ἐπ’
1422 1054 1499 1089 ὕψεσι
1523 1055 1584 1085 ταῖς
1596 1054 1747 1089 ἡμετέραις
1772 1054 1821 1089 τὴν

1033 1095 1159 1131 νηστείαν
1172 1095 1311 1127 λύσαντες,
1326 1095 1372 1122 καὶ
1390 1095 1576 1130 πληροφορίαν
1593 1096 1658 1130 ήμῖν
1671 1096 1717 1122 καὶ
1730 1095 1821 1122 πίστιν

1034 1136 1127 1172 ἱκανὴν
1140 1137 1325 1172 παρασχόντες
1342 1136 1392 1170 τῆς
1410 1136 1497 1171 καλῆς
1518 1136 1618 1171 ταύτης
1635 1136 1819 1171 διορθώσεως,

1033 1178 1080 1205 καὶ
1095 1179 1201 1209 ἑαυτοῖς
1213 1178 1260 1204 καὶ
1271 1178 1337 1213 ἡμῖν
1354 1177 1409 1204 τῶν
1424 1177 1541 1204 αἰωνίων
1556 1177 1667 1212 ἀγαθῶν
1688 1178 1820 1211 γένωνται

1032 1219 1167 1255 πρόξενοι,
1182 1219 1274 1254 χάριτι
1287 1219 1334 1246 καὶ
1352 1218 1543 1254 φιλανθρωπίᾳ
1559 1218 1606 1246 τοῦ
1620 1218 1722 1254 Κυρίου
1741 1219 1820 1254 ἡμῶν

1039 1260 1126 1295 Ἰησοῦ
1140 1260 1268 1296 Χριστοῦ,
1284 1260 1316 1286 δι’
1332 1257 1362 1286 οὗ
1377 1260 1424 1286 καὶ
1439 1260 1497 1294 μεθ’
1512 1257 1542 1287 οὗ
1555 1259 1594 1295 τῷ
1614 1260 1702 1295 Πατρὶ
1716 1261 1732 1295 ἡ
1745 1259 1819 1293 δόξα.

1034 1300 1092 1336 ἅμα
1105 1300 1144 1336 τῷ
1157 1301 1226 1334 ἁγίῳ
1250 1300 1405 1336 Πνεύματι,
1431 1301 1477 1328 νῦν
1504 1301 1551 1328 καὶ
1570 1301 1623 1333 ἀεὶ,
1644 1302 1690 1328 καὶ
1704 1303 1744 1333 είς
1756 1301 1820 1333 τοὺς

1035 1342 1134 1374 αἰῶνας
1147 1342 1200 1369 τῶν
1214 1342 1328 1369 αἰώνων.
1356 1343 1451 1378 ’Λμήν.

1066 1413 1140 1446 _'_S_ex
1154 1420 1210 1437 mss.
1223 1413 1297 1446 ﬁmi
1311 1414 1377 1444 πάσῃ
1400 1413 1500 1446 σπουδῇ.
1531 1413 1670 1446 (Legebalur
1690 1420 1818 1446 perperam

1037 1443 1089 1469 ἀλλ’
1100 1444 1145 1475 ὅσῃ
1158 1444 1249 1475 σπουδῇ
1261 1444 1301 1468 καὶ
1311 1443 1446 1477 προθιμία.)
1481 1443 1486 1445 ⁷
1535 1443 1538 1445 ⁷
1573 1443 1582 1446 “
1658 1452 1661 1453 ⁷

722 1598 871 1642 ΚΑΤΑ
907 1596 1187 1641 ΙΟΥΔΑΙΩΝ.
1215 1594 1289 1630 [6691

462 1739 556 1773 Λόγος
573 1738 708 1772 ἕϐδομος.

227 1820 337 1856 α’.⁷Αρα
347 1821 425 1857 κόρον
434 1820 544 1847 έλάὃετε
550 1820 599 1855 τῆς
611 1820 678 1856 πρὸς
692 1819 834 1851 Ἰουδαίους
846 1820 934 1855 μάχης
944 1821 976 1856 ;ἢ

193 1863 319 1899 βούλεσθε
335 1863 382 1889 καὶ
393 1862 512 1897 σήμερον
523 1862 572 1897 τῆς
583 1861 668 1896 αὐτῆς
681 1861 835 1893 ὑποθέσεως
847 1861 978 1896 ἁψώμεθα

192 1905 290 1937 πάλιν;
309 1905 340 1930 Εἰ
356 1904 411 1938 γὰρ
438 1903 484 1929 καὶ
502 1902 586 1929 πολλὰ
604 1902 638 1929 τὰ
660 1902 814 1938 ἔμπροσθεν
834 1903 977 1938 εἰρημένα,

191 1946 248 1973 ἀλλ’
264 1947 337 1981 ὅμως
350 1946 422 1980 ὑμᾶς
434 1944 575 1979 ἐπιθυμεῖν
584 1942 660 1980 οἶμαι
670 1945 720 1979 τῆς
727 1945 811 1979 αὐτῆς
821 1945 978 1979 ἀκροάσεως

191 1987 283 2014 πάλιν.
304 1987 333 2013 ’0
347 1987 400 2022 γὰρ
418 1987 466 2022 τῆς
481 1987 520 2018 εἰς
534 1986 581 2012 τὸν
593 1985 714 2021 Χριστὸν
721 1986 831 2020 ἀγάπης
846 1986 894 2012 οὐκ
909 1986 977 2020 ἔχων

191 2029 283 2064 κόρον,
308 2028 367 2055 οὐδὲ
393 2028 442 2063 τῆς
464 2027 532 2063 πρὸς
546 2028 609 2058 τοὺς
626 2026 772 2062 μισοῦντας
788 2027 867 2053 αὐτὸν
888 2027 978 2062 μάχης

190 2071 304 2106 λήψεται
316 2069 397 2104 κόρον
405 2069 480 2095 ποτέ.
495 2068 585 2103 Χωρὶς
598 2068 626 2094 δὲ
640 2068 751 2099 τούτων,
762 2068 808 2094 καὶ
816 2067 903 2100 ἄλλως
912 2069 977 2104 ἡμῖν

191 2113 337 2146 ἀναγκαῖος
349 2107 446 2142 οὗτοςό
461 2110 552 2144 λόγος·
565 2110 604 2136 ἔτι
620 2109 672 2145 γὰρ
681 2109 794 2144 λείψανα
808 2109 861 2136 τῶν
876 2110 977 2146 ἑορτῶν

190 2153 280 2181 αὐτῶν
295 2152 497 2180 ὑπολέλειπται.
520 2151 588 2179 Ἀλλ’
602 2151 695 2186 ὥσπερ
714 2151 802 2177 αὐτῶν
819 2152 847 2178 αἰ
864 2151 978 2186 σάλπιγ-

191 2204 238 2230 γες
250 2195 304 2221 τῶν
317 2196 409 2225 ἐντοῖς
422 2193 544 2229 θεάτροις
554 2191 623 2228 ἦσαν
637 2193 876 2228 παρανομώτεραι,
888 2194 934 2220 καὶ
949 2194 977 2220 αἱ

190 2236 312 2272 νηστεῖαι
334 2235 417 2270 μέθης
433 2234 478 2261 καὶ
493 2234 584 2269 κώμου
600 2234 700 2266 παντὸς
710 2231 780 2269 ἦσαν
791 2234 975 2270 αἰσχρότεραι,

190 2278 260 2304 οὕτω
275 2278 322 2303 καὶ
341 2278 368 2303 αἱ
385 2276 483 2311 σκηναὶ
498 2276 526 2302 αἱ
536 2275 583 2302 νῦν
599 2276 663 2311 παρ’
680 2275 770 2302 αὐτῶν
793 2275 974 2311 πηγνύμεναι,

189 2320 244 2346 τῶν
255 2318 418 2352 πανδοχείων
431 2317 483 2343 τῶν
501 2318 603 2352 πόρνας
617 2317 733 2352 ἐχόντων
746 2317 794 2343 καὶ
812 2317 976 2354 αὐλητρίδας

189 2360 265 2386 οὐδὲν
280 2360 390 2394 ἄμεινον
401 2358 559 2385 διάκεινται.
578 2358 631 2385 Καὶ¹
645 2358 738 2393 μηδεὶς
751 2358 853 2393 τόλμαν
867 2367 978 2393 καταγι-

190 2401 316 2428 νωσκέτω
328 2400 374 2427 τοῦ
388 2400 481 2435 λόγου·
495 2400 581 2435 τόλμα
597 2400 651 2435 γὰρ
665 2400 766 2435 ἐσχάτη
788 2400 835 2426 καὶ
856 2409 976 2436 παρανο-

191 2443 240 2478 μία
256 2443 285 2469 τδ
299 2442 335 2478 μὴ
350 2442 434 2474 οὕτως
446 2442 607 2469 ὑποπτεύειν
617 2441 682 2477 περὶ
696 2441 816 2468 ἐκείνων.
830 2441 914 2468 Ὅταν
922 2442 975 2478 γὰρ

188 2484 228 2520 τῷ
242 2485 302 2520 Θεῷ
327 2484 552 2519 φιλονεικοῦντες,
574 2484 621 2510 καὶ
641 2483 680 2518 τῷ
693 2483 832 2518 Πνεύματι
846 2483 886 2519 τῷ
905 2485 975 2520 ἁγίῳ

188 2527 396 2557 ἀντιπίπτοντες
410 2526 561 2561 πράττωσι,
578 2525 637 2556 πῶς
649 2525 678 2550 οὑ
693 2525 746 2561 χρὴ
767 2525 894 2560 τοιαύτην
910 2527 975 2561 περὶ

189 2569 277 2595 αὐτῶν
288 2568 378 2603 ψῆφον
392 2568 532 2602 ἐκφέρειν;
548 2565 601 2593 Ἦν
616 2575 681 2593 ποτε
697 2567 782 2602 σεμνὴ
800 2567 869 2602 αὕτη
886 2568 975 2602 ἠὲορ-

189 2611 232 2646 τὴ,
249 2611 292 2637 ὅτε
307 2609 377 2637 κατὰ
387 2610 467 2645 νόμον
476 2609 590 2644 ἐγίνετο,
605 2610 651 2635 καὶ
661 2608 707 2634 τοῦ
723 2608 789 2635 Θεοῦ
806 2609 974 2641 κελεύοντος,

188 2653 247 2680 νυνὶ
261 2652 289 2679 δὲ
303 2652 415 2678 οὐκέτι·
427 2652 457 2677 τὸ
471 2650 524 2686 γὰρ
537 2650 645 2685 ἀξίωμα
657 2650 741 2685 αὑτῆς
754 2650 826 2677 ἅπαν
839 2650 974 2686 ἀνῄρηται

187 2695 227 2730 τῷ
243 2694 317 2730 παρά
332 2693 444 2729 γνώμην
455 2692 500 2719 τοῦ
514 2692 581 2718 Θεοῦ
596 2691 728 2725 γίνεσθαι.
742 2692 796 2718 Καὶ
814 2693 838 2718 οἱ
856 2693 974 2727 μάλιστα

187 2735 398 2772 καθυϐρίζοντες
408 2735 455 2762 καὶ
466 2735 512 2761 τὸν
528 2733 609 2769 νόμον
619 2733 665 2760 καὶ
679 2733 728 2764 τὰς
749 2733 845 2769 ἑορτὰς
858 2733 906 2766 τὰς
922 2743 975 2760 πα-

188 2778 278 2810 λαιὰς,
296 2775 368 2805 οὗτοι
390 2777 507 2813 μάλιστα
529 2776 638 2803 πάντων
651 2774 719 2801 εἰσὶν
734 2775 757 2801 οἶ
768 2774 910 2807 δοκοῦντες
925 2775 973 2803 νῦν

188 2821 318 2849 ἐπιτελεῖν
329 2828 335 2835 ·
352 2820 376 2846 οἱ
393 2819 421 2845 δὲ
442 2819 558 2854 μάλιστα
573 2817 619 2844 τὸν
629 2816 710 2852 νόμον
728 2816 860 2851 τιμῶντες
881 2818 972 2853 ἡμεῖς,

190 2863 213 2888 οἱ
225 2862 349 2897 καθάπερ
364 2860 537 2897 γεγηρακότα
551 2859 692 2894 ἄνθρωπον
710 2858 906 2892 ἁνατιαύοντες,
927 2862 974 2887 καὶ

342 2917 479 2948 ΡΑτιιοι.
505 2919 562 2948 Gn.
585 2920 727 2951 XLVIII.

172 2954 189 2961 η

1032 1738 1080 1772 οὐχ
1106 1736 1231 1767 ἕλκοντες
1256 1736 1296 1767 εἰς
1319 1735 1353 1762 τὰ
1378 1734 1526 1770 σκάμματα
1544 1735 1613 1770 μετὰ
1635 1736 1684 1770 τὴν
1712 1737 1816 1768 πολιὰν,

1029 1779 1089 1806 οὐδὲ
1098 1777 1173 1813 παρὰ
1182 1777 1276 1812 καιρὸν
1285 1776 1464 1809 ἀγωνίζεσθαι
1473 1777 1681 1811 ἀναγκάζοντες.
1692 1778 1752 1804 Ὅτι
1764 1778 1818 1814 γὰρ

1028 1821 1078 1847 οὐκ
1089 1819 1144 1846 ἔστι
1153 1819 1235 1853 νόμου
1246 1818 1340 1853 καιρὸς
1351 1817 1477 1851 νῦν,οὗτε
1485 1819 1534 1853 τῆς
1543 1818 1658 1850 παλαιᾶς
1669 1818 1817 1852 πολιτείας,

1030 1861 1130 1892 ἱκανῶς
1144 1860 1193 1895 μὲν
1204 1860 1252 1886 καὶ
1262 1860 1417 1895 ἔμπροσθεν
1431 1859 1612 1895 ἀπεδείξαμεν
1622 1869 1629 1875 ·
1645 1861 1711 1896 φέρε
1728 1861 1759 1896 δὴ
1771 1863 1818 1889 καὶ

1028 1902 1062 1928 τὰ
1073 1901 1186 1936 λείψανα
1199 1901 1385 1936 γυμνάσωμεν
1395 1902 1526 1937 τήμερον.
1541 1902 1639 1937 Ἤρκει
1655 1902 1703 1936 μὲν
1711 1900 1757 1929 οὖν
1765 1903 1818 1929 δεί-
1860 1903 1869 1917 θ

1030 1943 1113 1976 ξαντα
1139 1942 1183 1969 διὰ
1193 1942 1247 1969 τῶν
1263 1942 1409 1978 προφητῶν
1429 1943 1555 1970 ἁπάντων
1568 1963 1575 1976 ,
1591 1943 1631 1970 ὅτι
1645 1943 1676 1969 τὸ
1692 1945 1778 1971 ποιεῖν
1790 1953 1817 1972 τι

1028 1984 1148 2012 τοιοῦτον
1162 1984 1214 2016 ἔξω
1230 1983 1283 2010 τῶν
1304 1984 1497 2020 Ἰεροσολύμων
1518 1985 1674 2020 παρανομία
1695 1985 1737 2018 τίς
1758 1987 1816 2014 ἐστι

1029 2027 1076 2053 καὶ
1090 2025 1202 2052 ἀσέϐεια
1214 2047 1220 2058 ,
1240 2025 1409 2060 ἀπηλλάχθαι
1435 2027 1615 2061 πραγμάτων.
1642 2026 1674 2053 El
1691 2027 1745 2063 γὰρ
1769 2029 1817 2056 καὶ¹

1029 2067 1127 2104 ἀληθὲς
1142 2064 1185 2103 ἦν,
1203 2066 1217 2093 ὃ
1231 2066 1368 2102 πανταχοῦ
1385 2066 1574 2102 κομπάζοντες
1593 2068 1636 2094 ἀεὶ
1657 2069 1816 2104 ψιθυρίζου-

1029 2118 1081 2141 σιν,
1098 2109 1139 2135 ὅτι
1159 2108 1208 2144 τὴν
1225 2108 1302 2135 πόλιν
1330 2108 1515 2144 ἀπολήψονται
1540 2108 1631 2141 πάλιν,
1645 2110 1706 2136 οὐδὲ
1731 2110 1817 2143 οὕτως

1028 2150 1198 2186 ἀπηλλάχθαι
1220 2149 1274 2176 τῶν
1292 2149 1341 2184 τῆς
1363 2150 1535 2185 παρανομίας
1556 2150 1736 2186 ἐγκλημάτων
1755 2152 1816 2178 ὲδύ-

1027 2200 1116 2218 ναντο.
1132 2191 1204 2226 Πλὴν
1220 2191 1277 2217 ἀλλ’
1291 2192 1371 2226 ἡμεῖς
1385 2193 1415 2218 ἐκ
1425 2191 1582 2227 περιουσίας
1600 2193 1647 2218 καὶ
1661 2192 1740 2219 τοῦτο
1765 2193 1817 2219 ἀπ-

1028 2233 1177 2268 εδείξαμεν,
1192 2233 1230 2259 ὅτι
1247 2232 1308 2258 οὔτε
1322 2233 1502 2267 ἀναστήσεται
1519 2232 1612 2260 λοιπὸν
1626 2234 1740 2269 ἡπόλις,
1753 2233 1815 2260 οὔτε

1027 2274 1209 2309 ἀπολήψονται
1219 2274 1268 2309 τὴν
1283 2274 1387 2300 ἑαυτῶν
1399 2274 1545 2301 πολιτείαν.

1063 2365 1163 2392 Τούτου
1184 2366 1212 2392 δέ
1239 2365 1460 2400 ἀποδειχθέντος,
1487 2365 1534 2391 καὶ
1558 2365 1592 2392 τὰ
1612 2365 1693 2392 λοιπὰ
1708 2366 1814 2393 ἅπαντα

1028 2407 1243 2442 συνωμολόγητο,
1261 2404 1316 2434 οἷον
1329 2407 1366 2438 ὡς
1381 2406 1442 2433 οὔτε
1460 2406 1555 2438 θυσίας
1576 2404 1658 2439 εἶδος,
1673 2406 1735 2433 οὔτε
1754 2407 1814 2434 ὀλο-

1027 2447 1199 2478 καυτώσεως,
1211 2448 1261 2483 οὐχ
1273 2449 1290 2483 ἡ
1305 2448 1351 2475 τοῦ
1362 2448 1444 2483 νόμου
1456 2448 1580 2483 δύναμις,
1597 2448 1646 2474 οὐκ
1656 2448 1718 2474 ἄλλο
1728 2457 1754 2475 τι
1764 2448 1814 2483 τῆς

1027 2488 1163 2520 πολιτείας
1178 2490 1285 2525 ἐκείνης
1299 2490 1393 2525 στῆναι
1405 2490 1557 2525 δυνήσεται.
1572 2489 1682 2524 Πρῶτον
1700 2489 1748 2525 μὲν
1760 2489 1814 2524 γὰρ

1026 2530 1167 2557 ἐκέλευσεν
1181 2531 1196 2556 ὀ
1216 2530 1297 2566 νόμος
1314 2532 1374 2567 τρὶς
1385 2531 1432 2558 τοῦ
1452 2531 1575 2558 ἐνιαυτοῦ
1599 2531 1652 2558 πᾶν
1672 2530 1814 2565 ἀρσενικὸν

1027 2572 1066 2603 εἰς
1084 2572 1129 2598 τὸν
1146 2572 1209 2599 ναὸν
1232 2572 1387 2599 ἀναϐαίνειν
1401 2581 1408 2588 ·
1425 2572 1470 2599 τοῦ
1483 2573 1511 2600 δὲ
1528 2571 1592 2599 ναοῦ
1604 2572 1812 2605 καταλυθέντος,

1027 2612 1156 2640 ἀδύνατον
1170 2613 1248 2640 τοῦτο
1261 2614 1397 2647 γενέσθαι.
1410 2614 1488 2641 Μετά
1497 2613 1583 2640 ταῦτα
1591 2614 1670 2640 πάλιν
1683 2612 1813 2640 ἐπέταττε

1026 2654 1070 2680 τὸν
1085 2655 1229 2690 γονορρυῆ,
1242 2655 1287 2682 τὸν
1301 2655 1410 2691 λεπρὸν,
1425 2654 1474 2691 τὴν
1488 2656 1516 2681 ἐν
1528 2654 1707 2690 καταμηνίοις
1717 2655 1812 2688 γυναῖ-

1027 2703 1072 2724 κα.
1088 2694 1136 2730 τὴν
1155 2695 1236 2730 λεχῶ,
1251 2696 1346 2728 θυσίας
1358 2697 1521 2733 ἀναφέρειν·
1541 2696 1675 2723 καὶτοῦτο
1692 2695 1719 2722 δὲ
1732 2695 1813 2722 πάλιν

1026 2736 1166 2768 ἀδύνατον,
1181 2737 1230 2764 οὐκ
1243 2737 1317 2769 ὄντος
1331 2737 1377 2764 τοῦ
1394 2738 1488 2770 τόπου,
1504 2738 1564 2765 οὐδὲ
1575 2737 1622 2764 τοῦ
1643 2736 1734 2772 βωμοῦ
1751 2745 1813 2771 φαι-

1026 2777 1148 2813 νομένου.
1171 2779 1328 2806 Ἐκέλευσεν
1345 2779 1418 2814 ᾄδειν
1435 2780 1523 2815 ἱεροὺς
1538 2779 1651 2814 ὕμνους·
1672 2779 1720 2805 καὶ
1734 2777 1813 2804 τοῦτο

1027 2818 1181 2854 ἔμπροσθεν
1199 2820 1379 2856 ἀπεδείξαμεν
1390 2821 1443 2848 ἀπὸ
1460 2820 1507 2847 τοῦ
1523 2821 1607 2847 τόπου
1628 2820 1812 2854 κωλυόμενον,

1027 2860 1074 2886 καὶ
1091 2861 1154 2892 τοὺς
1176 2863 1317 2897 προφήτας
1338 2863 1530 2896 ἐγκαλοῦντας,
1555 2863 1601 2888 καὶ
1620 2862 1748 2895 λέγοντας
1770 2860 1814 2888 ὅτι

1603 2919 1642 2948 25
