2043 3116
196 122 247 151 927

197 180 314 212 legerent
335 176 440 211 legem,
464 178 491 201 et
510 173 671 200 advocarent
691 170 894 198 confessionem.
915 168 980 196 Cum

198 225 276 259 igitur
295 230 330 250 ne
348 222 399 256 legi
419 220 523 256 quidem
543 219 586 246 lex
605 217 718 252 potuerit
736 222 811 244 extra
830 215 980 246 civitatem,

196 268 329 304 quomodo
349 268 433 302 legem
454 272 559 292 servare
577 266 719 298 potuerunt
738 266 810 289 extra
828 260 982 288 civitatem?

197 315 270 343 lianc
283 315 317 342 ob
329 320 433 341 causam
455 315 482 338 et
495 310 619 337 minitans
640 308 690 335 illis
705 307 767 334 dicit
780 327 787 339 ,
806 306 864 333 Non
880 305 982 332 visitabo

197 362 264 396 filias
276 364 379 392 vestras,
395 366 451 384 cum
465 361 580 391 stuprum
592 353 746 384 admiserint,
761 360 839 384 neque
851 358 928 377 nurus
940 358 981 376 vc-

196 414 273 440 stras,
284 413 342 432 cum
354 403 483 431 maechatw
496 402 589 436 fuerint
602 399 677 436 (Osce
699 399 726 425 4.
743 397 798 433 M).
814 396 881 430 Quid
894 400 981 422 autem

198 454 246 480 hec
260 451 323 479 est?
339 450 455 477 Recitata
469 448 553 475 veteri
573 447 629 481 lege
644 445 760 473 conabor
781 443 856 470 vobis
871 442 983 470 reddere

197 496 346 524 dilucidius.
369 495 433 528 Quae
455 493 533 528 igitur
555 492 598 519 illa
621 491 682 518 lex?
702 490 733 517 Si
751 489 860 521 mulierI
882 488 980 522 inquit,

197 541 360 577 prtevaricata
375 539 449 575 fuerit
462 547 477 565 a
490 539 542 565 viro
555 545 612 570 suo,
628 544 731 570 eumque
744 535 869 570 negligens
894 534 983 568 despe—

196 589 280 621 xerit,
299 586 476 620 dormieritque
495 583 586 618 aliquis
605 590 663 609 eum
682 582 727 608 illa
745 581 812 608 coitu
828 580 945 612 seminis,
962 584 984 606 ct

197 634 297 661 latuerit
312 632 397 660 oculos
412 631 468 662 viri,
483 638 527 656 nec
543 629 611 656 testis
623 628 697 663 fuerit
712 626 830 653 adversus
844 625 925 658 illam,
941 633 985 651 nec

198 680 273 714 fuerit
294 678 449 713 deprehensa
465 685 474 704 :
489 684 519 702 ac
531 683 607 710 super
618 674 700 709 ipsum
716 672 815 708 quidem
829 672 920 699 venerit
933 672 985 706 spi-

196 726 260 752 ritus
272 724 413 758 zelotypitc,
426 723 481 756 ipsa
494 729 550 748 vero
564 729 613 746 non
628 720 702 755 fuerit
715 719 882 745 contaminata
893 717 983 753 (Nam.

197 773 224 799 5.
241 771 284 799 12.
299 770 354 805 Η).
375 770 473 797 Sensus
489 768 583 795 horum
599 765 739 793 verborum
754 765 796 791 hic
809 769 849 791 est
864 773 870 791 :
885 764 911 791 Si
926 772 985 790 nnt-

197 819 256 851 lier,
272 817 368 852 inquit,
384 815 514 843 moecham
529 813 617 846 fuerit,
631 817 657 840 ct
672 812 712 838 vir
724 811 818 838 habeat
831 811 900 837 illam
911 809 985 837 adul-

200 865 258 892 terii
280 867 429 898 suspectam
442 882 449 894 ,
465 864 510 888 aut
530 868 584 887 non
604 859 684 886 fuerit
704 857 834 885 moechata
847 878 853 890 ,
876 857 923 884 sed
943 857 985 884 illc

198 910 346 945 suspicetur
358 918 365 936 :
377 912 403 936 et
416 908 438 935 si
454 915 506 934 non
525 906 605 933 fuerit
622 905 714 938 testis,
734 912 783 931 nec
803 909 893 931 uterus
909 911 985 930 coar-

197 964 281 992 guens
298 965 304 983 :
319 955 415 988 Ducet,
429 954 530 989 inquit,
545 953 616 980 illam
630 952 664 979 ad
676 952 847 984 sacerdotem,
863 955 886 978 et
899 950 985 983 offeret

197 1003 292 1029 donum
305 1001 384 1034 illius,
400 1000 563 1027 hordeaceam
576 999 685 1033 farinam
699 996 799 1033 (Nunt.
813 997 840 1024 5.
856 997 888 1023 15
898 996 918 1031 ).
933 995 986 1023 Cur

200 1050 236 1075 ita
258 1047 364 1075 tandem
384 1053 436 1074 non
457 1045 620 1080 siligineum,
638 1051 689 1070 non
705 1042 833 1070 triticeam
854 1042 984 1074 farinam,

199 1093 248 1120 sed
263 1092 456 1120 hordeaceam?
469 1091 597 1124 Quoniam
611 1090 637 1117 id
652 1089 722 1124 quod
735 1088 885 1124 gerebatur,
901 1089 986 1116 luctus

197 1144 255 1166 erat
266 1160 273 1172 ,
289 1144 316 1166 et
330 1139 460 1167 ineusatio
472 1138 640 1173 suspicioque
653 1144 749 1172 prava,
766 1136 850 1163 forma
863 1135 986 1163 sacriﬁcii

197 1186 369 1213 domesticam
379 1185 554 1212 calamitatem
570 1184 731 1217 imitabatur,
741 1190 825 1218 eoque
835 1183 899 1210 dicit
908 1192 914 1209 :
925 1182 986 1209 Non

195 1230 310 1264 effunde:
329 1238 404 1265 super
423 1230 495 1257 illam
513 1230 613 1263 oleant,
634 1237 714 1264 neque
734 1229 851 1271 impones.
864 1227 903 1254 illi
918 1228 984 1255 thus.

197 1276 295 1303 Deinde
314 1276 323 1311 (
334 1283 395 1303 nam
408 1275 606 1303 contrahendus
620 1279 660 1302 est
673 1274 780 1310 sermo)
794 1273 900 1300 adducet
915 1273 986 1300 illaut

197 1323 320 1350 sacerdos
344 1327 478 1358 sumetque
485 1329 575 1356 puram
587 1329 678 1355 aquam
691 1321 717 1347 in
730 1328 787 1347 vase
799 1319 871 1354 ﬁctili
883 1342 890 1352 ,
906 1325 928 1346 et
943 1328 986 1346 su-

197 1372 245 1393 met
254 1367 284 1394 de
295 1372 371 1400 terra,
382 1375 438 1402 qua:
446 1372 482 1394 est
489 1367 515 1393 in
528 1366 678 1401 pavimento,
690 1371 862 1400 sumptamque
872 1366 986 1401 conjitiet

197 1413 223 1438 in
238 1420 329 1447 aquam
339 1433 348 1444 ,
362 1417 500 1446 statuatque
514 1411 642 1439 mulierem
655 1432 662 1445 ,
679 1417 701 1438 et
716 1411 844 1445 adjurabit
858 1411 928 1438 illam
941 1433 947 1443 ,
963 1416 986 1438 et

197 1457 281 1484 dicet:
291 1458 314 1484 si
327 1466 375 1484 non
389 1467 414 1485 es
441 1463 606 1492 transgressa,
618 1465 662 1484 nec
675 1457 772 1492 polluta
784 1457 836 1483 viro
850 1461 902 1488 tuo,
916 1457 986 1484 salva

197 1507 248 1528 esto
262 1502 292 1528 ab
306 1511 372 1537 aqua
385 1502 579 1537 redargutionis.
605 1501 677 1534 Quod
697 1502 719 1528 si
739 1507 892 1536 transgressa
911 1510 937 1528 es
957 1510 986 1528 ac

198 1548 304 1581 polluta,
315 1553 335 1574 et
347 1548 438 1583 aliquis
449 1553 528 1574 tecum
539 1547 669 1574 concubuit
678 1552 767 1582 prtttcr
777 1548 893 1573 maritum
904 1553 982 1579 tuum,

197 1594 238 1620 det
249 1594 372 1620 Dominus
386 1599 409 1620 te
420 1594 446 1620 in
457 1593 649 1620 exsecrationem
660 1601 688 1618 ac
699 1593 884 1618 detestationem
896 1592 922 1618 in
932 1601 982 1618 nte-

195 1639 238 1665 dio
248 1638 336 1673 populi
346 1638 398 1673 (Ib.
408 1647 431 1666 υ,
447 1639 490 1665 15.
505 1638 580 1673 sqq.).
594 1637 660 1670 Quid
675 1641 724 1670 est,
737 1637 762 1664 in
772 1637 980 1664 exsecrationem

198 1692 228 1710 ac
241 1683 463 1711 detestatiOncm?
479 1684 512 1710 Ut
527 1684 630 1714 dicant,
646 1690 680 1708 ne
700 1683 764 1708 mihi
782 1682 899 1713 accidat,
915 1682 985 1716 quod

197 1729 292 1756 accidit
305 1728 343 1755 illi
356 1728 459 1755 mulieri
476 1737 482 1754 ε
499 1727 531 1754 Ut
551 1727 640 1754 reddat
656 1726 780 1753 Dominus
800 1731 897 1753 uterum
916 1731 985 1754 (unm

197 1776 340 1810 diruptam,
357 1779 380 1801 et
401 1774 553 1809 ingredietur
574 1782 639 1808 aqua
658 1778 802 1805 exsecrata,
816 1778 842 1800 ut
858 1774 985 1808 dirumpat

197 1824 305 1847 rentretn
320 1825 400 1851 tuum,
413 1825 436 1846 et
449 1820 514 1846 dicet
524 1819 623 1852 mulier,
639 1819 693 1852 ﬁat,
708 1819 764 1853 ﬁat.
780 1818 813 1844 Et
823 1819 879 1851 erit,
894 1819 916 1845 si
930 1821 985 1854 fue-

197 1868 228 1892 rit
243 1867 349 1901 polluta,
366 1865 518 1900 ingredietur
531 1873 597 1900 aqua
610 1864 807 1900 redargutionis,
824 1869 846 1890 et
860 1864 985 1900 dirumpet

197 1917 307 1939 ventrem
320 1912 389 1939 illius
402 1932 408 1944 ,
425 1915 447 1938 et
460 1912 507 1938 erit
522 1911 612 1938 mulier
626 1911 792 1937 exsecrabilis.
811 1910 885 1944 Quod
899 1911 921 1938 si
935 1919 984 1938 non

199 1958 274 1993 fuerit
288 1957 385 1992 polluta
398 1957 488 1983 mulier
498 1976 505 1989 ,
519 1957 565 1983 erit
577 1957 684 1983 innocua
693 1977 701 1989 ,
715 1960 739 1982 et
749 1956 930 1990 proseminabit
944 1965 984 1983 se-

198 2012 253 2030 men
265 2003 342 2038 (Ib.).
351 2003 480 2036 Quoniam
493 2002 571 2037 igitur
582 2010 642 2029 cum
656 2002 682 2029 in
690 2002 867 2037 captivitatem
879 2002 984 2030 abducti

198 2053 287 2076 essent
300 2069 307 2081 ,
322 2048 388 2076 nihil
404 2048 498 2076 horum
513 2048 569 2075 ﬁeri
586 2052 706 2082 poterat,
722 2056 782 2075 cum
797 2056 846 2075 nec
859 2048 984 2083 templum

199 2099 269 2123 esset
284 2103 333 2122 ncc
347 2102 392 2122 ara
403 2116 410 2128 ,
426 2102 476 2122 nec
491 2094 686 2122 tabernaculum
700 2094 828 2121 haberent
841 2101 891 2122 nec
905 2094 985 2121 oll‘er-

199 2145 291 2169 rentur
305 2141 398 2168 hostiae
413 2150 418 2167 :
434 2141 562 2168 Dominus
575 2140 740 2167 comminans
754 2140 820 2167 dixit
832 2149 837 2166 :
851 2139 912 2166 Non
925 2141 985 2167 visi-

198 2186 254 2212 tabo
268 2187 334 2221 ﬁlias
348 2191 442 2213 uestras
451 2207 457 2218 ,
474 2194 530 2212 cum
541 2191 656 2220 stuprum
668 2186 814 2212 admiserint
827 2193 836 2212 :
849 2194 892 2212 nec
906 2193 985 2212 nurus

197 2238 299 2265 vestras,
312 2240 367 2258 cum
380 2232 507 2259 ntcecltatte
520 2232 611 2267 fuerint
622 2231 697 2267 (Osee
721 2232 746 2258 4.
760 2232 814 2266 Η).

233 2280 260 2306 2.
282 2279 429 2306 Sacerdotes
444 2281 512 2312 apud
524 2277 628 2305 Judwos
637 2286 689 2305 esse
702 2286 751 2304 non
766 2283 878 2312 possunt.
890 2293 925 2297 —
939 2277 984 2304 Vi-

198 2325 246 2352 des
263 2325 348 2360 legem
368 2333 383 2351 a
404 2325 463 2352 loco
482 2324 534 2351 vim
554 2324 671 2352 habere?
690 2325 728 2350 Ex
748 2324 797 2350 hoc
816 2324 983 2358 perspicuum

198 2375 238 2397 cst
253 2378 286 2397 ne
305 2370 470 2398 sacerdotem
484 2370 590 2404 quidem
606 2376 664 2396 esse
679 2377 756 2403 posse
766 2390 773 2402 ,
789 2377 849 2396 cum
864 2369 931 2396 desit
946 2369 984 2396 ci-

199 2417 274 2443 vitas.
291 2415 516 2449 Quemadmodum
539 2415 608 2442 cnim
626 2415 682 2442 ﬁeri
698 2422 750 2442 non
768 2419 873 2449 potest,
889 2419 917 2442 ut
932 2415 983 2441 lm-

199 2465 304 2495 pcrator
322 2461 373 2494 sit,
390 2461 411 2487 si
427 2468 479 2488 non
493 2460 527 2487 sit
545 2461 676 2488 exercitus
687 2481 694 2493 ,
708 2468 759 2487 non
780 2460 898 2487 diadema
910 2481 917 2492 ,
931 2468 983 2486 non

199 2513 313 2540 purpura
326 2526 333 2539 ,
347 2513 398 2533 non
415 2507 465 2533 alia
484 2514 543 2540 quae
558 2513 667 2540 regnum
685 2506 848 2533 constituunt
862 2514 869 2533 :
887 2506 921 2532 ita
936 2513 985 2532 nec

198 2551 332 2578 sacriﬁcus
346 2559 404 2579 esse
416 2556 503 2587 potest
517 2552 618 2579 sublata
633 2552 729 2584 hostia,
741 2552 820 2579 vetita
835 2551 981 2584 oblatione.

199 2597 297 2624 sanctis
308 2597 477 2630 conculcatis,
492 2602 546 2624 toto
559 2605 646 2625 rerum
662 2602 730 2624 statu
744 2598 851 2624 abolito.
865 2597 930 2624 Nam
944 2597 983 2624 his

200 2642 278 2670 rebus
294 2643 431 2669 constabat
445 2643 631 2670 sacerdotium.
648 2643 801 2670 Snfﬁciebat
815 2643 893 2678 igitur
907 2643 983 2670 nobis

197 2689 229 2715 ad
245 2688 436 2723 probationem,
448 2693 476 2715 ut
489 2688 552 2721 dixi,
566 2689 636 2723 quod
649 2696 734 2723 neque
747 2688 885 2721 sacriﬁcia,
897 2696 983 2723 neque

198 2734 408 2760 hoincautomata
420 2754 427 2766 ,
444 2741 528 2768 neque
542 2734 648 2769 reliqua:
667 2734 861 2769 puriﬁcationcs
871 2755 879 2768 ,
897 2742 982 2769 neque

198 2785 324 2814 praetcrea
349 2781 490 2816 quidquam
513 2781 610 2815 politizc
635 2781 752 2808 Judaica:
773 2781 916 2808 rediturum
936 2782 980 2808 sit.

196 2827 348 2860 Supererat,
359 2832 387 2854 ut
399 2827 625 2855 demonstraretur
639 2835 780 2862 numquam
798 2827 854 2855 fore
870 2832 899 2854 ut
914 2832 980 2854 tem—

795 113 976 141 ADVERSUS
994 111 1144 140 JUDIEOS.
1167 112 1220 139 γη.

1770 116 1820 142 913

1035 167 1106 202 plum
1127 169 1295 196 instauratur.
1318 168 1381 195 Nam
1401 169 1469 196 sicut
1491 170 1536 196 illo
1557 178 1608 197 non
1628 175 1714 198 stante
1734 172 1823 199 omnia

1035 220 1104 240 nunc
1119 218 1179 240 sunt
1194 214 1328 249 abrogata,
1345 219 1370 242 et
1385 214 1408 242 si
1421 215 1483 250 quid
1496 215 1616 243 videatur
1631 216 1688 244 ﬁeri
1702 238 1708 250 ,
1722 217 1822 245 facinus

1034 262 1075 285 est
1091 259 1218 286 adversus
1233 259 1317 294 legem
1336 269 1341 285 :
1357 260 1391 286 ita
1406 265 1544 295 postquam
1560 261 1768 289 demonstratum
1783 267 1823 290 est

1035 311 1177 338 numquam
1194 304 1250 332 fore
1268 310 1296 331 nt
1318 306 1444 340 templum
1464 306 1554 333 redeat
1569 307 1600 334 ad
1616 307 1755 342 pristinum
1769 313 1822 335 ota-

1036 355 1090 376 tum
1102 370 1109 382 ,
1123 350 1216 377 eadem
1237 358 1316 385 opcra
1334 356 1360 378 et
1379 351 1443 378 illud
1457 352 1665 380 demonstratum
1679 359 1736 387 est,
1752 355 1823 389 quod

1036 403 1121 430 neque
1137 396 1226 423 cmteri
1241 397 1307 423 ritus
1321 401 1346 424 et
1361 398 1447 425 cultus
1461 398 1494 426 ad
1508 399 1646 433 pristinum
1661 404 1758 427 statum
1772 401 1824 428 sint

1036 440 1165 475 redituri,
1185 449 1238 469 non
1259 443 1383 470 sacerdos
1402 443 1504 472 futurus
1523 445 1671 480 quispiam,
1694 454 1745 473 non
1765 455 1822 474 rex.

1036 485 1142 514 Etenim
1162 488 1184 514 si
1204 496 1257 515 non
1276 489 1372 516 licebat
1392 491 1475 518 cuivis
1489 498 1522 518 ex
1537 491 1653 526 ipsorutn
1669 493 1825 527 cognatione

1036 533 1156 566 quamvis
1174 534 1279 569 plebeio
1291 555 1298 568 ,
1320 535 1420 562 servire
1436 536 1591 571 alienigenis
1603 557 1611 570 ,
1634 538 1717 564 multo
1741 539 1825 573 magis

1036 577 1075 604 fas
1090 585 1143 605 non
1156 583 1212 606 erat
1224 579 1310 614 ipsum
1331 588 1418 615 regem
1434 582 1588 616 alienigenis
1601 583 1704 618 subjici.
1726 583 1825 610 Verum

1036 624 1159 658 quoniam
1178 624 1220 652 hic
1237 626 1421 653 contendimus
1438 634 1617 662 conamurque
1633 636 1687 655 non
1704 634 1823 662 tantum,

1038 673 1064 696 ut
1080 669 1131 696 illis
1146 670 1299 698 obturetnus
1313 679 1352 704 os,
1367 679 1458 699 verum
1472 673 1551 700 etiam
1565 678 1593 700 ut
1607 678 1720 701 vestram
1733 675 1824 702 carita-

1037 717 1091 741 tem
1105 716 1256 743 crudiamus
1271 725 1278 743 :
1293 725 1341 752 age
1354 717 1404 744 hoc
1417 718 1501 753 ipsum
1515 719 1621 746 aliunde
1632 719 1826 748 demonstrabi-

1039 767 1108 793 mus,
1123 761 1244 788 videlicct
1258 762 1328 796 quod
1343 763 1393 789 illis
1406 768 1432 790 et
1445 764 1633 791 sacrificiorum
1646 770 1672 791 ct
1684 765 1825 792 sacerdotii

1038 805 1096 831 linis
1107 807 1150 838 sit,
1165 807 1231 834 adeo
1244 812 1272 834 nt
1286 817 1428 843 numquam
1438 811 1551 845 amplius
1564 811 1596 837 ad
1613 811 1748 845 pristinam
1762 819 1825 839 con-

1037 852 1203 879 suetudinem
1220 853 1276 881 luce
1290 855 1344 881 sint
1357 855 1482 882 reditura.
1499 857 1563 889 Quis
1579 857 1656 892 igitur
1671 857 1729 885 hare
1741 858 1826 885 dicit?

1038 897 1215 926 Admirandus
1226 899 1270 926 ille
1280 907 1310 927 ac
1321 908 1431 935 magnus
1441 902 1568 936 propheta
1580 903 1671 930 David.
1683 904 1826 931 Declarans

1038 942 1109 970 enim
1132 943 1195 970 illud
1215 945 1404 972 sacriﬁciorum
1427 949 1509 981 genus
1529 955 1587 974 esse
1607 948 1783 983 ejiciendum,
1800 955 1827 977 et

1037 988 1109 1015 aliud
1130 989 1325 1022 inducendum,
1339 991 1454 1026 loquitur
1473 993 1497 1019 in
1514 993 1584 1020 hunc
1598 994 1706 1021 modum
1721 1004 1727 1021 :
1744 994 1827 1022 Multa

1038 1034 1278 1068 fecistitu,Dontine
1291 1036 1447 1072 Deusnteus,
1457 1039 1580 1065 mirabilia
1596 1045 1648 1073 tua,
1662 1046 1684 1067 et
1699 1041 1827 1076 cogitatio-

1037 1081 1110 1107 nibus
1125 1082 1174 1108 tuis
1187 1090 1237 1109 non
1251 1088 1285 1109 est
1299 1083 1341 1119 qui
1353 1084 1441 1110 similis
1452 1085 1483 1111 sit
1497 1085 1540 1111 tibi
1554 1093 1563 1112 :
1576 1087 1722 1113 annuntian
1730 1107 1737 1118 ,
1752 1092 1776 1114 et
1790 1088 1827 1114 lo-

1039 1132 1129 1159 quutus
1139 1135 1194 1154 sum
1206 1127 1314 1163 (Psalm.
1327 1128 1371 1156 39.
1385 1129 1421 1164 6).
1436 1130 1501 1157 Vide
1513 1132 1647 1165 propbetm
1659 1133 1825 1167 sapientiam.

1039 1171 1088 1199 Ubi
1097 1171 1215 1205 dixisset,
1225 1173 1307 1200 Multa
1315 1175 1396 1208 fecisti
1408 1180 1447 1209 tu,
1461 1176 1567 1203 Domine
1581 1177 1648 1204 Dens
1657 1186 1735 1211 meus,
1750 1180 1827 1205 mira-

1038 1216 1098 1243 bilia
1112 1221 1165 1250 tua,
1180 1219 1342 1253 stupefactus
1355 1220 1530 1249 admiratione
1543 1223 1623 1250 divini
1638 1223 1746 1257 opiﬁcii,
1761 1225 1826 1252 nihil

1037 1261 1070 1289 de
1081 1263 1232 1291 conditione
1243 1272 1331 1292 rerum
1343 1266 1418 1293 nobis
1430 1268 1644 1302 conspicuarum,
1654 1270 1722 1303 cmli,
1736 1275 1824 1303 terrm,

1039 1308 1136 1342 maris,
1151 1314 1177 1336 et
1190 1317 1264 1345 aqua:
1274 1331 1282 1344 ,
1296 1315 1323 1338 et
1336 1311 1402 1346 ignis
1412 1333 1418 1344 ,
1435 1320 1486 1339 n0n
1503 1313 1536 1340 de
1549 1315 1686 1348 stupendis
1700 1316 1751 1343 illis
1765 1324 1826 1351 [ιι-ο-

1039 1352 1126 1388 digiis,
1138 1362 1197 1389 qute
1209 1355 1361 1383 acciderunt
1375 1357 1400 1383 in
1414 1358 1539 1393 [Egyptm
1552 1367 1603 1386 non
1615 1360 1649 1387 de
1661 1362 1764 1388 cmteris
1776 1362 1826 1388 hu.

1036 1398 1152 1433 jnsmodi
1177 1400 1351 1434 miraculis‘,
1367 1403 1412 1429 sed
1434 1411 1493 1438 qutc
1514 1404 1577 1431 dicit
1598 1412 1657 1432 esse
1679 1407 1826 1434 miracula?

1039 1444 1201 1478 Sacri/icium
1219 1451 1242 1472 et
1262 1446 1412 1474 oblationem
1432 1449 1534 1475 noluisti
1554 1449 1615 1484 (Ib.
1630 1458 1654 1477 υ.
1670 1451 1717 1486 7).
1738 1452 1825 1486 Quid,

1039 1491 1159 1522 obsecro.
1172 1492 1258 1518 dicis?
1270 1493 1308 1519 An
1322 1493 1384 1520 illud
1397 1495 1552 1528 stupendum
1565 1501 1605 1523 est
1618 1504 1648 1524 ac
1660 1498 1827 1526 mirandum?

1038 1536 1207 1571 Nequaquam
1221 1559 1228 1570 ,
1253 1538 1352 1572 inquit;
1372 1547 1422 1566 non
1437 1541 1507 1566 enim
1523 1542 1571 1568 hoc
1586 1542 1668 1568 solum
1685 1543 1763 1576 vidit,
1780 1545 1826 1572 scd

1038 1582 1139 1609 callitus
1154 1582 1264 1610 edoctus
1279 1584 1456 1618 prospiciebat
1476 1586 1559 1613 ocufis
1579 1588 1739 1622 propheticis
1755 1590 1826 1616 futu-

1039 1635 1098 1653 rum
1114 1631 1142 1654 ut
1161 1633 1252 1662 gentes
1271 1629 1481 1662 adducerentur,
1498 1635 1525 1657 ct
1543 1633 1676 1665 quomodo
1694 1634 1737 1668 qui
1755 1634 1826 1668 prius

1039 1677 1115 1698 erant
1133 1673 1231 1700 addicti
1250 1674 1300 1700 diis
1312 1695 1320 1707 ,
1341 1675 1515 1710 colcbantquc
1535 1677 1652 1711 lapides,
1674 1680 1827 1707 miseriores

1038 1717 1103 1751 ipsis
1126 1718 1208 1745 brutis
1230 1725 1338 1753 repente
1358 1721 1443 1747 visum
1465 1723 1632 1757 reciperent,
1655 1726 1826 1761 omniumque

1039 1763 1179 1790 Dominum
1193 1770 1384 1799 agnoscerent,
1399 1774 1430 1794 ac
1448 1767 1541 1794 relicto
1557 1769 1660 1803 impuro
1674 1770 1825 1799 dannonunt

1039 1809 1111 1836 cultu
1125 1817 1191 1844 pure
1200 1811 1318 1846 citraque
1327 1813 1480 1847 sanguinem
1493 1814 1573 1841 Deum
1587 1816 1714 1843 colerent.
1729 1816 1825 1844 Simul-

1039 1861 1090 1888 que
1110 1855 1268 1890 intelligens,
1288 1856 1358 1890 quod
1379 1865 1431 1884 non
1454 1858 1491 1884 illi
1511 1859 1607 1893 solum,
1625 1861 1671 1887 sed
1695 1867 1718 1888 et
1740 1862 1824 1890 Judaei

1039 1899 1214 1934 simpliciores
1224 1901 1316 1928 relicta
1329 1902 1485 1936 hostiarum,
1495 1903 1747 1940 holocautomatum,
1758 1909 1824 1936 alio-

1039 1953 1150 1980 rumque
1164 1947 1340 1981 corporalium
1354 1949 1450 1976 rituum
1464 1950 1648 1979 observatione
1660 1953 1692 1979 ad
1706 1959 1823 1981 nostram

1039 1996 1066 2018 et
1075 1992 1124 2026 ipsi
1135 1993 1327 2028 philosophiam
1341 1994 1544 2029 adducerentur,
1558 1998 1687 2033 simulque
1697 2005 1824 2034 reputans

1039 2037 1198 2064 ineﬂ'abilem
1213 2038 1261 2065 Dei
1273 2046 1336 2074 erga
1348 2048 1431 2074 genus
1446 2041 1589 2068 humanum
1604 2044 1750 2078 caritatem,
1765 2053 1824 2080 qua:

1038 2088 1146 2117 superat
1158 2091 1263 2111 omnem
1278 2085 1437 2112 intellectum
1449 2107 1456 2119 ,
1473 2091 1501 2113 ct
1511 2089 1635 2115 attonitus
1650 2090 1824 2119 admiratione

1039 2133 1118 2155 tantae
1138 2129 1291 2156 mutationis
1310 2130 1424 2164 futura},
1444 2137 1471 2158 et
1492 2140 1570 2166 quam
1599 2135 1752 2162 mirabiliter
1774 2137 1823 2164 ista

1039 2174 1109 2200 Deus
1122 2174 1148 2201 in
1161 2175 1240 2201 alium
1253 2175 1372 2203 ordinem
1387 2177 1560 2205 translaturus
1571 2185 1651 2212 esset,
1663 2184 1689 2207 ct
1703 2181 1824 2210 homines

1038 2228 1071 2247 ex
1084 2220 1248 2247 dazmonibus
1259 2221 1377 2248 facturus
1391 2223 1498 2257 angelos
1508 2243 1516 2255 ,
1532 2231 1562 2251 ac
1576 2225 1635 2251 vitae
1648 2233 1730 2259 genus
1745 2227 1825 2254 indu-

999 2273 1002 2275 ’
1037 2269 1127 2292 cturus
1141 2266 1213 2293 caelis
1228 2265 1345 2301 dignum.

1074 2311 1234 2346 Sacri/icium
1260 2321 1304 2347 per
1317 2321 1408 2348 corpus
1421 2313 1523 2342 Clu-isti.
1539 2330 1573 2336 —
1583 2316 1648 2343 Tum
1669 2318 1739 2352 quod
1766 2319 1822 2346 Inc

1037 2358 1126 2385 omnia
1149 2362 1238 2386 essent
1262 2358 1349 2386 futura
1362 2365 1452 2387 vetere
1477 2362 1606 2389 sacrificio
1620 2363 1729 2396 abolito,
1745 2371 1771 2392 et
1784 2366 1823 2392 al-

1039 2407 1095 2431 tero
1115 2404 1141 2430 in
1161 2404 1232 2431 illius
1258 2405 1343 2432 locum
1357 2405 1436 2433 ducto
1459 2415 1506 2441 per
1527 2415 1623 2443 corpus
1635 2409 1755 2437 Christi:
1772 2410 1821 2436 ad-

1038 2449 1149 2476 miratus
1162 2454 1250 2477 autcm
1267 2458 1298 2477 ac
1317 2451 1480 2486 stupefactus
1493 2453 1596 2481 diccbat
1611 2463 1618 2481 :
1637 2456 1720 2482 Multa
1746 2463 1771 2483 tu
1787 2459 1823 2491 [tu

1037 2495 1092 2521 cisti
1109 2495 1178 2522 Deus
1191 2496 1317 2523 ntirabilia
1330 2502 1382 2523 tua.
1397 2497 1430 2524 Et
1453 2498 1522 2532 quod
1537 2507 1569 2525 cx
1591 2507 1702 2534 persona
1726 2502 1822 2531 Christi

1038 2547 1120 2569 totum
1135 2542 1186 2570 hoc
1201 2543 1352 2570 vaticinium
1377 2543 1490 2571 ediderit
1514 2545 1612 2572 docens
1623 2567 1630 2578 ,
1659 2554 1719 2574 cum
1736 2548 1822 2575 dixis-

1037 2593 1095 2615 set:
1122 2588 1285 2622 Sacriﬁcium
1313 2593 1337 2616 et
1360 2589 1510 2621 oblationem
1538 2592 1641 2618 noluisti
1654 2612 1662 2624 ,
1686 2594 1798 2629 subjecit
1813 2616 1819 2627 ,

1035 2633 1132 2668 Corpus
1155 2639 1239 2661 autem
1261 2635 1387 2670 adaptain
1412 2636 1491 2668 milii;
1513 2637 1546 2664 de
1573 2645 1685 2672 corpore
1712 2641 1823 2675 loquens

1034 2679 1166 2707 dominico
1183 2700 1190 2712 ,
1214 2680 1346 2708 communi
1367 2688 1415 2715 pro
1437 2685 1491 2708 toto
1512 2682 1575 2709 orbe
1592 2684 1736 2716 sacriﬁcio,
1753 2687 1822 2719 quod

1040 2730 1145 2753 nostras
1159 2725 1309 2760 purificavit
1322 2726 1423 2753 animas
1435 2747 1441 2758 ,
1458 2733 1565 2761 peccata
1578 2729 1697 2756 dissolvit
1717 2731 1737 2762 ’,
1753 2739 1822 2758 mor.

1065 2771 1150 2806 iutilii:
1165 2771 1287 2806 Mtt'gculis
1297 2777 1305 2801 ;
1317 2771 1361 2806 sed
1372 2778 1426 2806 ante
1437 2772 1585 2799 mirabiliora
1601 2778 1665 2806 sunt;
1677 2775 1720 2800 illa
1731 2775 1820 2804 dicens,

1032 2801 1101 2826 addit
1114 2808 1122 2826 .'
1134 2801 1282 2833 Sacri/ictum
1291 2805 1313 2826 et
1325 2801 1473 2829 oblationem.
1487 2808 1533 2828 etc.

1066 2833 1075 2847 ι
1093 2833 1184 2864 Aliquot
1194 2837 1244 2857 \tss.
1255 2840 1260 2856 :
1276 2837 1301 2857 Et
1312 2835 1408 2864 peccata
1416 2834 1499 2858 induit.
