2043 3116
237 133 287 160 ως)

237 197 289 218 tem
310 188 455 220 exstinxit,
483 185 562 213 cados
585 183 706 218 aperuit,
725 181 885 214 multamque
909 185 939 205 ac
963 184 1020 204 ma.

236 244 315 271 gnam
335 241 410 270 spem
432 232 510 260 nobis
535 229 672 260 ostendit,
691 231 840 260 ciuemque
864 223 1024 259 prmparavit

237 269 338 313 omnia,
368 286 427 314 quas
440 277 546 313 quidem
571 278 598 302 et
617 273 714 300 Paulus
735 270 828 298 videns
849 269 1022 297 exclamavit.

236 328 328 356 dicens
343 335 350 353 ε
406 322 514 350 altitudo
534 319 681 347 divitiarum
694 323 717 344 et
735 316 867 352 sapientia
878 319 902 342 et
916 313 1026 341 scientia:

237 373 297 400 Dei!
306 379 382 406 quam
391 367 562 396 imcrutabilia
573 370 629 393 sunt
635 364 734 400 judicia
742 363 832 398 cjus,et
841 358 1024 394 investigabiles

236 415 283 441 ria:
297 401 504 448 ο]ιιε(1ἰοηι.11.
515 409 560 443 55)
573 408 580 434 ε
595 407 657 435 llaec
669 406 747 440 igitur
755 403 843 432 omnia
860 401 1026 437 prospiciens

235 460 360 488 dicebat:
380 457 463 485 Multa
482 455 562 490 fecisti
584 459 621 487 tu,
637 453 744 480 Domine
764 451 832 478 Deus
852 457 932 481 meus,
946 448 1026 474 mirab

235 507 295 534 bilia
309 512 363 533 tua.
388 503 487 532 Deinde
507 510 566 530 cum
587 509 619 528 ex
646 506 758 535 persona
771 496 869 525 Christi
889 495 1023 522 dixisset:

237 552 450 579 IIolocautomata
463 554 486 576 et
495 556 541 584 pro
557 551 658 582 peccato
671 553 721 572 non
735 542 856 579 probasti,
874 539 1024 575 subjunxit:

236 599 307 626 Tunc
319 598 383 631 dixi,
399 604 454 624 ecce
466 595 536 622 venio
552 593 636 630 (Psal.
648 592 692 620 39.
707 592 733 618 7.
747 590 786 626 8).
801 589 889 620 Tunc,-
903 585 1026 622 quando?

237 645 303 672 Cum
316 643 480 679 perfectioris
495 641 623 669 doctrinm
638 643 743 673 tempus
753 642 803 664 est.
820 636 885 663 Nam
907 632 1027 668 imperfe-

236 692 319 720 ctiora
338 699 353 717 a
368 689 452 717 servis
466 688 523 723 ejus
542 690 618 714 erant
631 684 754 712 discenda
766 703 776 717 ,
796 680 948 709 sublimiora
962 685 1027 705 vero

237 742 264 765 et
293 737 437 764 humanam
471 732 622 768 superantia
656 735 794 760 naturam,
819 727 853 754 ab
882 726 939 760 ipso
962 723 1027 758 legis

237 789 356 812 auctore.
371 782 431 809 ldco
445 786 472 808 et
487 779 583 808 Paulus
597 778 701 806 dicebat
717 785 723 802 ε
740 773 909 808 diuturni-iani
929 770 1028 797 multis-

238 839 285 866 que
310 829 390 856 modis
418 827 480 854 olim
507 825 578 852 Deus
606 825 723 858 loquutus
750 819 861 856 patribus
887 816 977 843 nostris
1002 816 1028 841 in

238 875 367 912 prophetis
381 882 389 901 :
401 872 518 900 extremis
533 871 600 897 hisce
614 868 699 894 diebus
722 867 839 900 loquutus
861 867 896 889 est
918 860 987 887 nobis
1002 860 1029 886 in

240 923 308 950 Filio
320 942 327 954 ,
355 928 427 955 quem
455 917 582 946 constituit
601 914 715 942 heredem
731 911 862 942 omnium,
893 916 938 941 per
956 913 1029 942 quem

238 971 297 1004 fecit
318 973 341 996 et
360 967 452 996 sazcula
467 965 558 1000 (Ilcbr.
575 964 601 990 1.
624 962 650 989 1.
670 960 709 993 2).
725 959 763 986 Ac
776 963 869 984 rursus
889 954 1006 1004 Joannes
1019 960 1029 979 ς

240 998 295 1042 λα
310 1023 353 1049 per
376 998 476 1040 Mosam
489 1010 550 1037 dato
570 1012 605 1035 est
616 1028 623 1040 ,
638 1006 720 1042 gratia
742 1009 764 1031 et
778 1002 869 1030 veritas
884 1009 928 1036 per
940 998 957 1025 .I
960 1005 1029 1025 esum

241 1047 369 1089 Christum
385 1059 453 1094 facta
466 1062 501 1084 est
516 1055 604 1091 (Joan.
620 1055 646 1081 l.
662 1051 717 1088 Π).
733 1051 823 1085 Itaque
848 1047 906 1074 hinc
926 1050 1032 1073 summa

241 1107 307 1142 legis
327 1107 385 1133 laus
405 1109 463 1137 est,
483 1090 554 1138 quod
568 1109 598 1129 ea
622 1103 746 1127 naturam
768 1096 910 1123 humanam
930 1094 968 1121 illi
984 1090 1031 1118 do-

232 1153 306 1180 .ctori
321 1150 488 1187 praeparavit.
505 1147 603 1176 Deinde
616 1154 649 1173 ne
664 1149 771 1180 putares
785 1142 855 1169 hunc
864 1147 923 1168 esse
937 1144 1032 1165 recen-

241 1203 295 1226 tem
318 1184 420 1229 Deum,
443 1199 489 1223 aut
519 1192 617 1228 aliquid
642 1198 725 1225 nuper
749 1189 885 1216 inventum
915 1184 1030 1215 afferre,

241 1245 303 1272 audi
325 1242 387 1278 quid
402 1241 466 1269 dicit
482 1250 489 1268 :
505 1239 538 1266 In
550 1239 631 1273 capite
655 1236 712 1264 libri
735 1234 858 1269 scriptum
883 1235 918 1258 est
942 1230 974 1256 de
993 1236 1032 1255 me

242 1275 392 1327 (Pard-39.
407 1288 446 1322 8).
460 1287 519 1314 iam
538 1285 600 1312 olim
622 1290 710 1310 meum
737 1281 881 1308 adventum
901 1275 1032 1311 praedixe-

243 1321 305 1365 runt
330 1321 486 1370 prophetae,
504 1336 531 1359 et
555 1331 582 1358 in
596 1329 670 1357 initio
687 1327 816 1354 librorum
840 1331 907 1351 mea:
937 1321 1034 1348 divini-

244 1383 306 1411 tatis
328 1368 506 1416 cognitionem
528 1378 614 1405 obiter
637 1373 789 1402 hominibus
803 1368 996 1405 aperueruut‘.

279 1412 408 1462 3.|taque
434 1433 494 1453 cum
512 1424 581 1451 Deus
608 1422 672 1449 dicit
695 1420 770 1447 initio
794 1416 893 1444 conditi
917 1412 1030 1441 mundi:

246 1475 382 1503 Faciamus
397 1472 521 1499 hominem
536 1468 570 1495 ad
595 1466 794 1494 similitmlinem
820 1466 931 1489 nostram
957 1459 1030 1494 (Gen.

247 1523 273 1550 Ι.
295 1521 351 1556 ἳϐ),
366 1517 531 1553 amigmatice
544 1515 619 1542 nobis
639 1512 697 1539 Filii
709 1510 874 1537 divinitatem
889 1506 983 1542 aperit,
1000 1505 1032 1530 ad

247 1551 467 1604 qucm'loquithr.
484 1563 547 1589 Post
563 1560 619 1587 lucc
636 1557 774 1585 declarans
792 1555 860 1581 hanc
879 1553 939 1579 vita:
953 1551 1033 1577 ratio~

249 1598 309 1641 sicut
325 1619 377 1639 non
400 1617 461 1637 esse
483 1606 562 1643 priori
578 1603 737 1632 contrariam
753 1621 760 1633 ,
782 1599 829 1627 sed
852 1598 903 1625 hoc
927 1603 1032 1630 quoque

248 1659 365 1687 voluisse
379 1657 461 1684 Deum
473 1675 480 1687 ,
503 1659 531 1680 ut
556 1652 600 1679 illo
617 1648 748 1677 sacriﬁcio
770 1646 906 1680 antiquato
922 1643 948 1669 in
973 1641 1033 1673 ejus

250 1703 429 1734 Vehcutcntia,
463 1707 515 1726 non
547 1695 736 1725 contrarietas,
761 1691 817 1725 (aut
852 1689 957 1726 pugna)
993 1686 1037 1714 ubi

251 1751 361 1777 dixisset
384 1758 392 1774 ι
410 1748 441 1774 In
463 1745 544 1778 cupite
558 1744 614 1770 libri
632 1742 751 1776 scriptum
771 1744 806 1766 est
821 1742 852 1765 de
872 1746 911 1764 me
923 1758 930 1770 ,
945 1737 1035 1772 subje-

253 1799 288 1824 ιιὶι
309 1803 316 1821 :
345 1793 378 1820 Ut
395 1793 502 1827 [acerem
524 1791 677 1817 voluntatem
706 1793 785 1820 luant,
800 1786 887 1817 Deus,
920 1784 987 1811 volui
1013 1786 1036 1810 et

252 1842 332 1875 legem
353 1845 421 1866 llttmt
440 1839 466 1865 in
494 1837 574 1863 medio
601 1835 693 1862 ventris
717 1833 764 1861 mei
778 1831 864 1868 (Psal.
878 1831 922 1859 39.
941 1830 968 1857 8.
997 1828 1035 1865 9).

251 1887 316 1915 Post
329 1893 465 1920 exponens
477 1906 483 1916 ,
512 1891 571 1918 qua:
602 1881 706 1909 tandem
733 1883 804 1907 esset
822 1878 944 1905 voluntas
965 1877 1010 1904 Dei
1027 1896 1034 1909 ,

253 1933 431 1969 pra-termissa
443 1931 577 1958 mentione
599 1928 760 1958 liOstiarum,
785 1925 1036 1955 holocautomatum,

253 1979 431 2010 oblationum,
449 1976 569 2003 laborum
592 1981 623 2001 ac
646 1972 792 2003 sudorum,
817 1970 872 1997 ait:
887 1968 1038 1996 Annuntitwi

252 2025 375 2061 iustitiam
388 2024 415 2050 in
428 2021 540 2049 Ecclesia
554 2027 645 2055 magna
656 2017 707 2054 (Ib.
720 2025 744 2044 υ.
765 2017 820 2051 10).
833 2015 902 2048 Quid
917 2019 957 2042 est
977 2014 1036 2045 hoc,

253 2069 406 2098 Atmuntiat‘i
424 2067 551 2103 justitiam
569 2066 596 2092 in
622 2063 737 2091 Ecclesia
750 2061 859 2097 magna?
877 2060 934 2087 Non
954 2059 1037 2091 dislt,

253 2117 313 2145 dedi
327 2115 405 2148 :sed,
428 2113 583 2140 annuntiavi.
598 2110 665 2145 Quid
687 2109 793 2137 tandem
820 2107 917 2142 igitur?
930 2106 985 2133 Non
1006 2113 1038 2132 ex

254 2162 398 2192 benefactis
410 2182 417 2194 ,
444 2167 493 2187 nec
513 2157 663 2189 laboribus,
686 2163 736 2182 nec
750 2154 920 2188 pensatione,
934 2151 980 2179 sed
1005 2158 1038 2178 ex

253 2210 308 2237 sola
327 2208 409 2243 gratia
429 2203 582 2240 jnstilicavit
603 2209 685 2237 genus
698 2205 828 2227 nostrum.
843 2197 916 2231 Quod
930 2202 956 2224 et
971 2197 1038 2223 Pau-

254 2257 295 2282 lus
313 2254 451 2281 declaraus
465 2250 528 2278 dicit
542 2258 548 2275 :
564 2248 638 2274 Nunc
652 2252 736 2273 autent
754 2245 845 2278 absque
869 2244 922 2278 lege
938 2243 1038 2277 justitia

257 2301 303 2327 Dri
319 2299 479 2334 manifestata
494 2299 528 2321 est
541 2293 629 2329 (Rom.
643 2293 670 2320 5.
691 2291 737 2325 21)
750 2299 756 2317 :
768 2289 868 2324 iustitia
887 2291 976 2314 autem
992 2287 1037 2314 Dei

255 2354 302 2381 per
314 2333 393 2372 ﬁdem
410 2342 471 2369 Iesu
485 2339 583 2367 Christi
598 2358 605 2370 ,
621 2345 673 2364 non
690 2343 736 2370 per
755 2335 835 2361 ullum
859 2333 981 2360 sudorem
993 2337 1038 2359 aut

257 2378 385 2418 laborem.
400 2388 433 2415 Et
446 2387 496 2412 hoc
508 2387 644 2417 assumpto
656 2380 807 2409 testimonio
816 2379 885 2406 hunc
896 2379 920 2405 in
932 2378 1037 2405 modum

258 2436 383 2471 loquitur.
406 2432 526 2460 Umbram
549 2430 615 2456 enim
630 2428 722 2455 habens
738 2428 778 2454 lca:
792 2429 933 2462 futurorum
958 2429 1037 2452 bono-

256 2492 312 2510 rum
322 2503 329 2516 ,
344 2490 394 2508 non
407 2481 489 2515 ipsam
512 2486 595 2505 rerum
618 2477 751 2511 imaginem
761 2496 768 2508 ,
784 2474 890 2510 singulis
900 2473 973 2500 annis
995 2473 1039 2498 iis-

257 2529 314 2556 dem
335 2527 436 2558 hostiis,
451 2532 514 2559 quas
533 2531 630 2557 semper
651 2521 777 2554 olfenmt,
794 2527 929 2553 numquam
959 2522 1038 2553 potest

258 2573 402 2601 accedentes
421 2571 544 2606 perfectos
556 2568 668 2595 reddere.
686 2566 748 2593 Ideo
761 2565 901 2600 ingrediens
917 2563 1039 2590 mundum

257 2619 318 2647 dicit
331 2626 341 2646 :
351 2616 503 2652 sacriﬁcium
517 2619 541 2641 et
557 2613 706 2641 oblationem
721 2611 832 2642 noluisti,
848 2617 938 2644 corpus
957 2612 1039 2634 autem

257 2663 384 2700 adaptasti
398 2661 459 2689 mihi
473 2659 563 2696 (Hebr.
579 2659 622 2686 10.
639 2658 718 2692 1.5);
730 2655 880 2691 signiﬁcans
893 2655 1038 2689 ingressum

258 2710 397 2745 Unigeniti
411 2711 438 2736 in
455 2706 580 2734 mundum
593 2727 600 2738 ,
622 2712 670 2740 per
693 2703 781 2731 carnis
805 2700 1037 2737 dispensationem.

258 2756 301 2783 Sic
318 2755 387 2782 enim
402 2752 435 2781 ad
449 2760 498 2780 nos
512 2751 586 2780 venit
598 2771 605 2784 ,
628 2758 680 2778 non
693 2749 780 2777 locum
789 2748 849 2776 loco
861 2751 1037 2780 commutans,

292 2836 300 2850 ⁸
315 2836 364 2860 Si)!
377 2837 438 2861 Mssa,
450 2839 541 2862 aperta.

588 127 616 154 S.
636 125 774 154 JOANNIS
792 120 1029 151 CllR‘t‘SOSTOlil
1048 121 1208 150 ARCHIEP.
1227 122 1494 152 CONSTANTIN‘OP.

1820 123 1879 151 32'

1078 178 1133 228 (qui
1157 186 1271 213 namque
1286 178 1338 206 hoc
1352 180 1492 207 conveniat
1505 179 1531 207 in
1548 187 1607 207 eum
1621 199 1628 212 ,
1641 179 1685 214 qui
1707 184 1747 207 est
1761 179 1884 215 ubique;

1077 224 1176 258 quique
1194 229 1289 251 cuncta
1310 225 1460 260 complet)?
1479 225 1525 252 sed
1547 233 1595 260 per
1609 232 1716 252 carnem
1733 225 1808 252 nobis
1834 224 1881 251 fa-

1079 274 1137 296 ctus
1152 274 1193 296 est
1211 271 1382 305 conspicuus.
1407 271 1540 299 Ceterum
1563 271 1687 306 quoniam
1704 279 1758 298 non
1784 271 1879 298 solum

1079 315 1206 343 adversus
1231 316 1339 345 Judaeos
1363 323 1404 345 est
1429 317 1506 345 nobis
1538 325 1645 352 pugna,
1672 325 1764 345 verum
1790 318 1881 345 etiam

1079 361 1206 410 adversus
1220 362 1354 396 Gentiles,
1370 371 1400 391 ac
1413 364 1511 391 multos
1525 364 1665 391 haereticos
1679 373 1686 391 :
1701 371 1750 399 age
1764 363 1882 399 profun-

1079 405 1181 433 diorem
1197 415 1305 435 sensum
1319 409 1461 443 quemdam
1477 409 1518 436 hic
1528 409 1603 437 vobis
1616 410 1767 444 aperiamus
1777 430 1783 441 ,
1801 417 1882 444 quin-

1079 460 1223 488 ramusque
1244 454 1305 489 quid
1327 455 1433 482 tandem
1459 456 1509 483 sibi
1535 455 1615 486 velit.
1635 456 1706 490 quod
1721 462 1782 483 eum
1802 455 1880 483 Pau-

1079 497 1121 525 lus
1135 499 1338 528 inuumerabilia
1360 501 1467 529 haberet
1483 502 1632 529 testimonia
1645 523 1652 534 ,
1668 511 1728 536 qum
1747 502 1881 529 docerent

1080 551 1186 572 cessare
1207 546 1291 580 legem
1312 551 1469 582 veteresque
1495 547 1583 579 ritus,
1610 547 1688 582 hujus
1719 548 1842 575 meminit
1867 556 1878 574 :

1081 598 1169 642 neque
1199 593 1270 619 enim
1296 596 1398 620 temere
1424 601 1511 628 neque
1538 593 1647 621 fortuito
1672 593 1697 621 id
1721 593 1799 627 fecit,
1827 594 1879 620 sed

1083 638 1187 664 ratione
1213 645 1244 664 ac
1265 638 1395 672 sapientia
1417 638 1530 673 quadam
1546 639 1686 666 ineffabili.
1700 639 1775 673 Quod
1802 639 1880 666 enim

1081 682 1132 709 alia
1152 691 1257 718 quoque
1279 683 1402 712 habuerit
1416 685 1567 712 testimonia
1579 706 1587 719 ,
1603 690 1658 712 tum
1680 686 1781 721 majora
1794 706 1802 718 ,
1819 690 1879 712 tum

1082 729 1283 758 vehementiora
1299 752 1306 763 ,
1320 731 1342 758 si
1364 732 1491 759 voluisset
1507 732 1640 760 adducere
1652 753 1660 766 ,
1675 740 1769 760 omnes
1788 733 1878 759 conﬁ-

1080 775 1219 802 tebuntur.
1243 776 1323 803 Isaias
1338 777 1409 804 enim
1431 777 1468 804 ait
1482 778 1490 793 ί
1509 787 1515 805 ;
1542 777 1602 804 Non
1622 783 1658 805 est
1679 779 1741 804 mihi
1759 779 1881 805 t‘oluntal

1082 820 1110 846 in
1133 821 1216 852 robis,
1241 821 1330 856 plenus
1357 831 1414 849 sum
1434 822 1680 850 holocautomatibus
1703 824 1832 855 arietata;
1853 827 1879 850 et

1081 868 1184 902 adipem
1211 877 1335 903 agnorum
1356 873 1379 896 et
1405 870 1553 904 sanguinem
1582 874 1713 896 taurorum
1738 874 1760 896 et
1792 869 1879 896 hirco-

1079 921 1141 939 rum
1161 914 1219 940 nolo
1234 934 1242 946 ,
1267 922 1346 949 neque
1367 915 1389 941 si
1413 916 1528 941 veneritis
1549 915 1576 941 in
1598 920 1760 950 conspectum
1781 924 1878 942 nicum.

1078 959 1150 992 Quis
1164 960 1230 986 enim
1247 960 1378 995 exquisivi!
1391 960 1444 987 hac
1464 960 1495 986 de
1509 960 1625 987 manibus
1643 961 1750 988 vestris?
1763 960 1794 987 Si
1805 961 1879 987 obtu.

1079 1005 1165 1032 Alei-itis
1186 1007 1249 1033 mihi
1273 1007 1458 1042 similaginem,
1483 1007 1580 1042 frustra
1605 1006 1727 1042 facietis:
1749 1007 1878 1034 incensum

1079 1051 1241 1078 abominatio
1256 1052 1317 1078 mihi
1331 1057 1366 1079 est
1381 1052 1456 1085 (Isai.
1474 1052 1500 1078 1.
1516 1052 1618 1087 Η-ίό).
1635 1052 1669 1078 Et
1683 1051 1745 1079 alibi
1760 1059 1876 1079 rursum:

1084 1095 1149 1123 Non
1174 1105 1239 1123 nunc
1256 1097 1377 1124 advocavi
1401 1096 1544 1130 te..Iacob,
1561 1105 1640 1131 neque
1664 1097 1804 1124 molestiam
1834 1097 1878 1124 tilu'

1084 1141 1292 1174 exhibuiJsracl
1304 1163 1311 1176 ,
1327 1150 1376 1168 non
1390 1143 1538 1177 glori/icain
1553 1151 1592 1169 me
1601 1143 1627 1168 in
1641 1143 1785 1176 sacriﬁciis,
1799 1151 1878 1177 neque

1082 1187 1194 1214 κηιὶἰαὶ
1207 1188 1268 1214 mihi
1283 1188 1308 1214 in
1331 1188 1403 1215 donis
1415 1188 1478 1220 tuis;
1498 1197 1577 1223 neque
1596 1189 1640 1216 tibi
1659 1189 1777 1215 molestus
1798 1190 1837 1224 fui
1852 1190 1878 1215 iu

1084 1235 1179 1268 thure,
1204 1243 1282 1269 neque
1300 1236 1397 1271 parasti
1416 1235 1478 1262 mihi
1501 1241 1606 1270 argento
1629 1235 1739 1270 stt/iitum
1755 1235 1809 1271 (Id.
1831 1236 1876 1262 43.

1080 1281 1126 1309 '22.
1139 1280 1192 1316 9.3)
1206 1289 1214 1308 :
1227 1280 1357 1309 Jercmias
1368 1285 1457 1307 autem
1473 1287 1480 1305 :
1496 1278 1536 1305 Ad
1543 1278 1604 1313 quid
1620 1277 1682 1303 mihi
1701 1276 1759 1302 thus
1775 1283 1788 1301 e
1803 1275 1874 1302 Saba

1083 1327 1170 1361 offers,
1191 1330 1215 1353 at
1224 1327 1418 1354 cinnamomum
1428 1328 1450 1350 et
1463 1329 1528 1350 terra
1545 1323 1682 1358 longinqua
1691 1323 1704 1349 .9
1716 1321 1875 1348 IIolocaqu-

1083 1377 1152 1400 mata
1166 1377 1247 1399 vestra
1266 1379 1315 1396 non
1325 1370 1508 1396 delectaverunt
1531 1376 1570 1394 me
1588 1368 1700 1404 (Jerem.
1717 1366 1742 1394 6.
1758 1366 1819 1401 20).
1836 1367 1874 1393 Ac

1083 1429 1190 1453 rursus,
1207 1419 1421 1447 Ilolocautomata
1432 1422 1515 1444 vestra
1527 1425 1583 1443 una
1594 1423 1652 1442 cum
1672 1415 1775 1448 reliquis
1794 1414 1875 1441 sacri-

1083 1470 1147 1503 ﬁciis
1167 1469 1253 1494 vestris
1278 1466 1404 1500 colligite,
1426 1470 1449 1492 et
1469 1464 1590 1491 comedite
1612 1471 1700 1490 carnes
1729 1461 1817 1498 (Idem
1846 1461 1872 1488 7.

1082 1516 1143 1552 21).
1158 1516 1192 1543 Et
1203 1515 1269 1542 alius
1279 1515 1387 1548 insuper
1402 1512 1590 1547 prophetarum
1619 1511 1657 1537 sic
1682 1511 1719 1536 ait
1736 1519 1743 1536 :
1759 1509 1839 1544 Aufer
1857 1518 1875 1536 ι

1082 1572 1121 1590 me
1139 1563 1268 1596 strepitum
1287 1560 1430 1587 cantionunt
1446 1565 1557 1590 tuarum,
1578 1561 1600 1584 et
1624 1557 1749 1590 psalmum
1768 1564 1876 1590 organo-

1080 1615 1136 1634 rum
1151 1612 1252 1634 tuorum
1269 1615 1319 1634 non
1332 1606 1437 1633 audiant
1449 1606 1542 1638 (Amos
1556 1605 1584 1632 5.
1600 1603 1662 1636 25).
1673 1603 1776 1630 Rursus
1790 1603 1873 1635 alibi,

1077 1661 1141 1682 cum
1161 1653 1245 1680 Judaei
1267 1653 1386 1679 dicerent
1404 1661 1410 1678 :
1434 1651 1473 1677 An
1489 1651 1593 1683 accipiet
1612 1649 1735 1676 Dominus
1754 1649 1781 1675 in
1801 1649 1875 1675 holo-

1080 1699 1273 1726 cautomatibus.
1290 1698 1312 1724 si
1336 1697 1428 1723 dedero
1451 1696 1617 1730 primogenita
1637 1704 1693 1723 mea
1715 1703 1760 1729 pro
1782 1695 1874 1728 impie-

1079 1749 1131 1772 tate
1138 1753 1201 1777 mea,
1214 1744 1322 1774 fructum
1334 1742 1425 1769 ventris
1437 1742 1486 1768 mei
1501 1750 1546 1775 pro
1560 1746 1660 1776 peccato
1670 1741 1762 1768 animm
1772 1739 1781 1775 (
1792 1739 1872 1766 Miclt.

1080 1791 1110 1820 6.
1124 1792 1140 1818 ’1
1151 1791 1181 1826 )?
1195 1789 1327 1824 Propheta
1343 1789 1484 1823 increpans
1494 1788 1554 1815 illos
1564 1809 1572 1821 ,
1585 1787 1690 1814 dicebat
1707 1796 1713 1814 :
1728 1787 1874 1813 Annuntia-

1079 1842 1135 1865 tum
1151 1841 1186 1864 est
1210 1836 1267 1867 tibi,
1292 1836 1374 1867 homo,
1396 1834 1457 1869 quid
1472 1834 1502 1860 sit
1517 1833 1619 1865 bonum,
1631 1838 1656 1860 et
1670 1833 1730 1867 quid
1750 1832 1875 1858 Dominus

1083 1883 1152 1910 Deus
1165 1887 1260 1917 quan-at
1273 1882 1316 1908 abs
1331 1886 1364 1914 te,
1379 1885 1407 1907 ut
1424 1881 1516 1914 diligas
1532 1880 1738 1910 misericordiam,
1754 1884 1778 1905 et
1793 1879 1874 1914 facias

1078 1929 1207 1964 judicium
1219 1928 1392 1962 ctjustitiam,
1419 1931 1446 1953 ut
1473 1931 1575 1960 paratus
1602 1926 1636 1952 sis
1661 1925 1792 1951 ambulare
1818 1929 1875 1958 post

1083 1974 1220 2001 Dominum
1244 1973 1326 2000 Deum
1347 1977 1419 1999 luunt
1434 1971 1494 2007 (Ib.
1511 1980 1534 1998 υ.
1550 1972 1598 2006 8).
1622 1971 1702 1998 David
1715 1977 1820 2004 quoque
1835 1969 1875 1996 sic

1083 2019 1187 2047 dicebat
1204 2028 1210 2045 :
1226 2018 1286 2045 Non
1308 2018 1431 2052 accipiam
1453 2017 1484 2043 de
1508 2017 1582 2043 domo
1604 2022 1646 2043 tua
1664 2016 1772 2048 vitulos,
1795 2022 1876 2048 neque

1089 2067 1120 2093 de
1140 2066 1255 2102 gregibus
1274 2065 1324 2092 tuis
1343 2065 1425 2091 hircos
1440 2063 1532 2099 (Psal.
1559 2063 1603 2090 49.
1626 2062 1767 2096 9).Quare
1780 2083 1786 2094 ,
1813 2069 1875 2088 cum

1092 2117 1131 2139 tot
1145 2117 1233 2146 possrt
1247 2111 1343 2138 alTerre
1357 2109 1521 2139 testimonia.
1542 2117 1588 2143 per
1613 2115 1672 2143 qua:
1687 2107 1758 2135 Deus
1773 2107 1879 2134 videtur

1084 2159 1128 2185 illa
1151 2158 1280 2185 sacriﬁcia
1307 2158 1436 2190 rejicerc,
1465 2155 1634 2187 neomenias,
1663 2154 1792 2186 sabbata,
1817 2153 1875 2179 dies

1084 2204 1176 2235 festos.
1200 2203 1322 2230 omnibus
1349 2202 1400 2229 illis
1423 2201 1539 2233 omissis,
1555 2201 1631 2235 hujus
1641 2201 1720 2227 unius
1733 2199 1878 2226 meminit?

1083 2251 1140 2279 Non
1169 2255 1270 2277 temere
1294 2249 1319 2276 id
1343 2249 1458 2281 ﬂuctum,
1488 2255 1574 2280 neque
1603 2247 1726 2276 fortuito;
1749 2245 1795 2271 sed
1820 2246 1877 2276 jam

1084 2303 1191 2324 causam
1211 2295 1339 2322 dicemus.
1360 2294 1433 2321 Multi
1453 2293 1572 2320 inﬁdeles
1584 2314 1590 2323 ,
1611 2297 1638 2318 et
1652 2300 1683 2318 ex
1699 2291 1798 2318 inda-is
1812 2290 1879 2324 ipsis

1084 2345 1231 2377 pugnantes
1246 2341 1372 2367 adversus
1386 2348 1448 2372 nos,
1466 2340 1556 2366 dicunt
1576 2343 1692 2364 veterem
1718 2336 1879 2370 religionem

1084 2389 1247 2423 antiquatam
1275 2394 1353 2418 esse,
1376 2394 1427 2412 non
1454 2385 1523 2419 qnod
1541 2385 1594 2418 ipsa
1616 2387 1687 2410 esset
1702 2380 1879 2416 imperfecta,

1085 2441 1170 2468 neque
1183 2433 1252 2468 quod
1267 2432 1371 2460 inducta
1384 2432 1417 2458 sit
1427 2431 1525 2465 major,
1537 2433 1624 2457 nostra
1639 2427 1761 2455 videlicet
1772 2426 1879 2461 religio,

1085 2479 1131 2507 sed
1155 2484 1263 2514 propter
1283 2478 1479 2512 improbitatem
1500 2483 1602 2506 eorum,
1629 2474 1673 2508 qui
1702 2478 1756 2500 tum
1782 2471 1882 2498 oll'ere—

1086 2525 1149 2552 bant
1174 2523 1313 2552 sacrilicia.
1330 2523 1439 2549 llesaias
1455 2521 1542 2555 itaque
1562 2519 1626 2547 dicit
1641 2528 1648 2545 :
1665 2518 1696 2546 Si
1717 2517 1882 2545 cxtcttderitis

1085 2579 1175 2598 manus
1187 2574 1294 2601 vestras,
1310 2573 1419 2595 avertam
1439 2567 1524 2594 oculos
1537 2573 1604 2593 meos
1620 2574 1635 2592 α
1660 2564 1737 2592 vobis.
1754 2563 1785 2591 Si
1808 2562 1880 2590 mul-

1122 2705 1130 2720 ¹
1144 2708 1168 2728 In
1180 2704 1258 2728 tribus
1269 2707 1322 2727 Mss.
1335 2704 1369 2727 sic
1388 2702 1477 2732 legitur
1490 2708 1496 2724 :
1513 2699 1598 2732 Isaias._
1613 2705 1696 2724 eorum
1719 2697 1806 2732 hostias
1828 2703 1882 2732 esse

1183 2727 1390 2771 ostitndqtsqdicit
1410 2727 1534 2771 persopapt
1555 2730 1598 2755 Dei
1608 2736 1693 2771 geretis
1716 2735 1724 2753 :
1741 2727 1801 2758 ()uid
1820 2727 1882 2752 mihi

1089 2760 1172 2791 hostia?
1183 2764 1286 2791 vestrm?
1298 2765 1381 2795 pictius
1393 2760 1461 2793 sum;
1477 2760 1735 2795 holocausta‘arietmn,
1752 2764 1799 2784 etc.

1119 2798 1130 2813 ί
1141 2801 1166 2821 In
1178 2797 1246 2821 savil.
1260 2801 1284 2820 et
1296 2792 1320 2820 in
1332 2793 1670 2826 quibusdammanuscriptis;
1680 2792 1881 2826 _tlolocauloma_ta

1088 2816 1166 2853 ιτειὲἓὶ
1178 2816 1502 2857 ἓῖιὲίίίἧίὶῆιίὲ”“ᾁὲιὶῖξῐῑὲὶῑξ
1520 2816 1699 2852 t‘estiis'odiei;
1721 2825 1744 2846 ct
1763 2816 1878 2846 cono-dite

1088 2864 1181 2884 carnes.
