2043 3116
200 166 252 193 ﬁl

200 223 373 260 riplieat't'ritis
395 222 603 255 obsecrationem,
625 229 674 247 non
690 219 823 246 exaudiam
848 226 909 245 vos:
926 225 986 244 mox

199 277 306 297 causam
326 269 436 301 addens,
452 267 638 303 prosequitur:
652 266 744 292 Manus
757 267 821 292 enim
832 269 918 291 vestrm
929 272 988 290 sau-

201 315 277 351 guine
292 314 372 349 plane
387 313 463 349 (lsai.
479 313 505 340 1.
529 312 586 347 15).
598 312 654 339 Hoc
673 315 760 338 autent
776 318 829 337 non
846 314 887 337 est
908 309 984 336 sacri-

203 363 260 389 ticia
273 369 417 393 accusare,
445 360 493 387 sed
520 359 686 386 offerentium
710 357 874 392 iniquitatem
897 355 988 382 erimi-

200 407 270 434 nari.
299 406 331 433 Et
350 405 410 432 ideo
425 412 477 432 non
502 410 610 439 accepta
637 404 729 431 habuit
752 402 898 434 sacriﬁcia,
915 401 984 436 quod

198 460 231 480 ca
251 451 373 479 manibus
395 451 506 485 impuris
539 451 675 478 oﬁ'errent.
693 450 808 477 Rursum
830 447 911 475 David
926 455 985 473 cum

199 498 311 524 dixisset
328 505 334 523 :
353 496 413 523 Non
428 497 552 532 accipiam
570 497 602 523 de
627 496 701 523 domo
726 500 770 522 tua
787 495 878 521 vitulos
889 513 896 525 ,
910 500 988 525 neque

199 542 229 568 de
240 543 356 578 gregibus
371 543 419 569 tuis
429 543 513 570 hircos
522 541 605 578 (Psal.
618 541 707 573 49.9).
722 540 820 574 adjecit
835 549 842 566 :
855 538 988 566 Peccatori

199 592 281 614 autem
294 588 358 614 dixit
373 586 457 619 Deus,
471 590 561 620 Quare
569 591 596 612 tu
611 593 715 612 enarra:
738 585 849 617 iustitia:
864 592 931 610 meas
942 604 948 615 ,
965 588 988 610 et

199 633 306 660 assumis
332 637 505 659 testamentum
524 639 605 657 meum
621 639 666 666 per
685 638 714 656 os
732 630 822 656 tuum?
840 629 878 655 Tu
905 635 989 654 autem

200 679 276 706 odisti
294 679 475 713 disciplinam,
496 681 518 704 et
538 676 651 712 abjecisti
667 684 794 703 sermones
814 684 881 702 meos
896 679 989 702 retror-

201 733 266 751 sum.
280 724 310 752 Si
325 724 424 751 videbas
437 724 519 758 furem
529 744 537 756 ,
551 723 667 750 currebas
680 731 738 749 cum
755 731 797 755 eo,
812 727 834 749 et
845 731 901 748 cum
914 722 989 749 adul-

200 771 259 796 teris
287 772 427 804 portionem
454 774 524 795 luant
548 769 658 803 ponebas
680 775 690 795 :
712 776 740 794 os
763 773 833 795 tuum
852 769 988 795 abundavit

200 815 313 848 malitia,
334 820 356 842 cl
369 815 456 850 lingua
481 820 524 840 tua
537 814 682 841 conturbat
703 813 775 841 dolos
792 815 917 846 :sedrns,
939 815 988 840 atl—

199 867 284 886 versus
311 860 416 894 fratrem
439 865 510 886 luunt
534 859 706 891 obtrectabas,
722 864 745 886 et
764 860 884 886 adversus
906 859 987 894 ﬁlium

199 905 287 932 nmtris
310 910 361 932 tua:
381 905 490 940 ponebas
515 905 696 939 o/fendiculum
720 905 806 940 (I’sal.
823 907 869 933 49.
887 905 986 941 16-20).

200 950 276 978 Unde
290 950 457 985 perspicuum
478 955 517 978 est
531 971 538 984 ,
553 950 623 985 quod
637 958 689 977 non
718 950 760 978 hic
774 950 882 977 omnino
897 950 989 984 rejccit

200 996 347 1028 sacriﬁcia,
374 996 420 1023 sed
456 997 579 1031 quoniam
612 995 833 1029 nu‘ecbabantur,
863 996 986 1030 quoniam

200 1042 370 1074 furabantur,
386 1042 511 1076 quoniam
538 1041 664 1068 fratribus
692 1041 894 1068 insidiabantur.
910 1041 987 1068 Certe

199 1095 259 1114 cuin
282 1088 461 1122 unusquisque
485 1087 673 1122 prophetarum
689 1109 696 1121 ,
721 1088 864 1122 inquiunt,
881 1092 988 1114 accuset

199 1133 339 1160 oll'creutes
382 1133 532 1165 sacriﬁcia,
568 1134 606 1160 sic
640 1133 683 1160 illa
723 1134 806 1161 Deum
854 1135 987 1168 respuisse

198 1178 272 1205 dicit.

234 1224 259 1250 4.
278 1223 404 1250 Probatur
431 1226 509 1259 legem
533 1224 658 1251 sublatam
671 1225 750 1260 fuisse
761 1234 812 1252 non
837 1226 867 1253 ob
884 1231 987 1260 peccata

198 1270 346 1297 Juda'orum
358 1292 364 1304 ,
380 1271 423 1298 sed
436 1272 504 1306 quod
526 1272 672 1307 imperfecta
685 1276 757 1299 esset.
766 1287 803 1292 -—
815 1273 877 1299 llaec
891 1272 986 1300 adver-

198 1317 261 1344 sarii
275 1318 360 1344 nostri
384 1317 489 1350 dicunt,
503 1318 549 1345 sed
565 1319 662 1345 Paulus
675 1318 726 1345 illis
739 1319 840 1353 plagam
853 1319 916 1346 satis
931 1327 986 1346 ma-

197 1370 274 1396 gnam
298 1363 408 1396 inﬂixit,
425 1368 452 1391 et
464 1364 569 1392 abunde
582 1364 687 1391 illorum
711 1364 881 1398 impudentiae
903 1365 984 1392 silen-

198 1407 264 1434 tium
294 1408 434 1443 imposuit,
460 1409 510 1436 hoc
539 1409 701 1436 testimonio.
726 1410 792 1437 Cum
815 1411 886 1436 enim
907 1411 986 1438 vellet

197 1453 358 1486 ostendere,
380 1455 463 1481 Deum
486 1455 570 1490 ipsam
595 1455 747 1482 Iuda-orum
774 1455 928 1490 religionem
957 1460 986 1482 ut

198 1499 418 1533 imperieetiorcm
440 1501 585 1535 rejecisse,
619 1502 773 1536 irritamque
797 1501 909 1534 fecisse,
935 1501 985 1529 hoc

198 1545 344 1579 assumpsit
365 1546 564 1580 testimonium,
592 1546 617 1573 in
640 1554 692 1581 quo
711 1547 844 1573 accusatio
869 1547 984 1574 oll‘eren-

197 1590 261 1617 tium
286 1591 358 1618 nulla
383 1596 439 1624 est,
460 1592 506 1619 sed
531 1592 614 1626 ipsius
648 1592 783 1627 religionis
818 1592 984 1626 imperfectio

197 1635 265 1663 nuda
287 1644 335 1672 per
346 1644 375 1664 se
389 1637 547 1664 declaratur.
562 1638 694 1672 Propheta
720 1638 790 1664 enim
807 1639 877 1665 nulla
902 1639 927 1665 in
955 1646 985 1666 re

196 1689 324 1709 accusans
343 1682 448 1710 Judzcos
460 1704 466 1716 ,
486 1683 641 1717 simpliciter
664 1683 702 1710 sic
722 1683 837 1718 loquitur
853 1692 858 1710 :
876 1684 985 1717 Sacri/i-

196 1729 261 1754 cium
286 1733 308 1755 et
325 1728 475 1755 oblationem
497 1729 616 1761 noluisti,
632 1737 724 1763 corpus
746 1734 830 1756 autem
857 1729 986 1764 adaptasti

197 1774 257 1799 mihi
269 1794 276 1806 ,
292 1774 493 1801 holocaatomata
508 1779 531 1801 et
541 1783 586 1809 pro
600 1779 700 1809 peccato
715 1783 764 1802 non
774 1775 884 1810 probasti
897 1774 982 1811 (Psal.

196 1819 238 1848 45.
253 1821 291 1855 7).
309 1818 390 1854 idque
412 1827 548 1854 exponens
572 1820 668 1846 Paulus
687 1820 743 1846 ait:
761 1819 838 1847 Tollit
852 1821 936 1855 prius,
957 1824 984 1847 ut

197 1865 319 1898 posterius
330 1870 425 1891 statuat
434 1865 524 1899 (Hebr.
536 1866 577 1892 10.
590 1865 627 1900 9).
641 1866 705 1892 Nam
721 1871 891 1901 posteaquam
905 1866 982 1900 dixit,

197 1911 356 1943 Sacriﬁcium
381 1916 404 1938 et
419 1912 569 1938 oblationem
599 1913 701 1939 noluisti
716 1921 726 1940 :
740 1913 836 1940 deinde
862 1913 980 1946 addidit,

196 1955 293 1990 Corpus
308 1961 389 1982 autent
402 1957 529 1992 adaptasti
542 1958 619 1985 mihi:
632 1963 770 1993 postquam
784 1959 899 1986 ostendit
913 1959 982 1986 aliud

197 2000 332 2028 inductum
357 2002 514 2029 sacriﬁcium
527 2023 534 2034 ,
551 2003 649 2030 nullam
675 2009 802 2038 prtctcrca
820 2012 894 2038 spem
909 2004 983 2031 dedit

197 2046 332 2080 futurum,
359 2052 386 2074 ut
412 2048 473 2075 illud
499 2049 691 2076 restitueretur.
720 2050 751 2076 Et
775 2050 826 2076 hoc
841 2050 926 2085 ipsutn
943 2051 983 2077 iu-

198 2096 345 2126 tcrprctans
361 2092 457 2120 Paulus
469 2114 475 2125 ,
492 2093 558 2120 dixit
572 2102 578 2119 :
597 2094 647 2120 Per
670 2094 820 2122 oblationem
836 2097 901 2122 hanc
923 2105 983 2123 san-

196 2137 298 2170 ctiﬁcati
313 2145 400 2164 nimus
411 2138 436 2164 iu
449 2138 576 2165 voluntate
595 2139 688 2166 Christi
705 2140 755 2174 (Ib.
769 2149 791 2167 ιι.
805 2141 860 2175 10).
876 2142 906 2169 Si
917 2142 981 2169 enim

197 2183 299 2218 sanguis
317 2187 445 2210 taurorum
460 2190 481 2210 rt
504 2185 650 2218 hircorum,
671 2190 693 2211 et
708 2187 771 2213 riuis
797 2189 881 2214 vitula:
894 2197 981 2224 asper-

195 2237 237 2256 sus
263 2229 406 2263 inquinatos
431 2230 572 2264 sanctiﬁcat
596 2231 630 2256 ad
653 2232 735 2258 carnis
757 2233 956 2260 emundationem
972 2242 982 2261 :

196 2280 290 2309 qu‘tmto
303 2276 383 2310 magis
398 2276 501 2311 sanguis
527 2275 590 2302 Iesu
615 2275 725 2309 Christi,
742 2279 783 2311 qui
800 2286 843 2312 per
860 2279 982 2312 Spiritum

196 2325 309 2347 sanctum
324 2321 412 2348 obtulit
433 2322 593 2356 semetipsum
616 2323 804 2348 immaculatum
817 2344 823 2354 ,
839 2324 982 2351 cmundabit

196 2367 372 2392 conscientia»:
401 2371 511 2393 nostram
535 2367 565 2393 ab
587 2368 703 2402 operibus
716 2368 820 2394 mortuis
843 2368 935 2403 (Hebr.
954 2369 981 2396 9.

197 2411 241 2437 t5.
258 2411 313 2446 tt)?
325 2411 415 2446 Itaque
431 2412 500 2447 quod
515 2412 577 2439 illud
587 2412 745 2440 sacriﬁcium
758 2413 922 2448 antiquatum
936 2414 980 2446 sit,
995 2416 1018 2434 Γ

197 2461 223 2483 et
246 2457 313 2483 aliud
329 2458 353 2484 in
379 2459 436 2492 ejus
455 2459 541 2486 locum
567 2459 717 2493 inductum,
731 2459 854 2494 quodque
872 2461 982 2494 posthac

198 2501 260 2529 illud
282 2510 332 2529 non
348 2504 382 2530 sit
401 2505 591 2532 restituendum
605 2505 668 2531 satis
681 2526 687 2537 ,
702 2513 734 2532 ex
755 2506 796 2533 his
815 2506 982 2533 demonstra-

200 2552 253 2574 tum
270 2552 320 2574 est.
337 2549 391 2582 Age
404 2549 458 2583 jam
472 2556 607 2584 superest,
632 2554 659 2576 ut
677 2550 748 2585 quod
773 2550 870 2578 dudum
894 2551 980 2578 certati

197 2595 503 2629 sumusdcmonslrarc,
527 2597 595 2623 illius
629 2597 768 2624 sacerdotii
798 2598 863 2624 ritus
895 2605 980 2632 neque

197 2641 250 2676 jam
276 2648 421 2674 apparere,
446 2650 531 2676 neque
553 2642 640 2669 denuo
669 2643 818 2676 redituros,
844 2643 981 2670 evidenter

199 2687 249 2714 hoc
263 2687 400 2722 palamque
417 2695 431 2714 c
450 2688 594 2722 Scripturis
605 2689 668 2723 ipsis
683 2689 826 2716 dilucidum
843 2690 978 2721 faciamus,

199 2740 281 2766 pauca
296 2733 370 2767 prius
378 2732 451 2760 vobis
463 2734 562 2767 przel‘ati
573 2755 580 2766 ,
598 2742 649 2768 quo
664 2735 707 2762 ﬁat
722 2735 874 2762 evidentior
887 2744 978 2762 eorum

197 2787 256 2812 qua:
271 2778 393 2805 dicentur
407 2780 551 2806 enarratio.
567 2781 699 2807 Abraham
711 2788 832 2807 reversus
846 2789 860 2807 c
872 2781 979 2808 Perside

197 2825 287 2859 gmmit
301 2824 373 2851 lsaac
386 2846 392 2856 ,
404 2825 477 2852 Isaac
497 2825 780 2860 deittchaCObJacob
793 2826 932 2854 duodecim
947 2826 977 2853 ﬁ-

199 2872 264 2904 lios,
280 2879 311 2898 cx
337 2872 431 2907 quibus
446 2871 570 2907 profectas
591 2877 650 2899 sunt
662 2872 800 2900 duodecim
816 2873 918 2905 tribus,
934 2873 975 2900 vel

794 158 970 188 ADVERSUS
989 157 1138 186 JUDEOS.
1160 158 1214 186 Vll.

1781 161 1832 188 se:
1867 151 1870 153 ’

1043 218 1131 250 potius
1154 218 1291 246 tredecim.
1320 217 1538 255 Quandoquidem
1574 220 1631 247 loco
1655 219 1753 254 Ioseph
1781 220 1832 247 duo

1043 264 1125 298 ipsius
1136 265 1182 292 lilii
1197 265 1323 300 Ephraim
1338 271 1364 293 ct
1387 266 1521 294 Manasses
1533 268 1693 294 exstiterunt
1716 267 1830 294 trilumm

1043 309 1184 343 principes.
1206 310 1240 337 Et
1253 311 1476 345 quemadmodum
1497 312 1638 347 unicuique
1660 313 1774 340 ﬁliorum
1788 312 1831 340 Ja~

1041 354 1092 380 cob
1106 354 1188 382 tribus
1201 356 1360 390 cognomine
1381 357 1576 392 respondebat,
1591 358 1694 388 Ruben.
1711 359 1829 389 Simeon,

1042 398 1114 430 Levi.
1131 399 1209 432 Juda,
1229 400 1410 436 Nephthalim,
1425 401 1481 430 Gad
1494 424 1501 436 ,
1522 405 1599 436 Aser,
1612 402 1748 438 Benjatnin
1767 412 1773 430 :
1791 411 1830 430 su:

1041 444 1091 471 sub
1102 444 1199 480 Ioseph
1213 445 1266 473 duo
1287 447 1356 474 illius
1373 447 1429 480 ﬁlii,
1444 447 1564 475 Manasse
1578 453 1605 475 et
1625 448 1750 483 Ephraim
1765 469 1771 481 ,
1789 456 1830 474 co-

1041 497 1155 524 gnomen
1178 491 1304 518 indebant
1331 493 1450 520 tribubus
1469 498 1515 521 :et
1529 494 1730 528 appellabantur
1749 494 1830 520 altera

1042 536 1146 570 quidem
1162 536 1288 571 Ephraim
1301 558 1308 570 ,
1335 538 1418 565 altera
1429 546 1493 566 vero
1519 539 1649 566 Manassc.
1666 539 1764 566 llarum
1783 539 1832 566 ita-

1041 588 1092 615 que
1108 581 1245 616 trcdeeim,
1260 586 1364 610 uetera:
1378 583 1484 618 quidem
1499 592 1593 611 omnes
1604 592 1681 619 agros
1698 585 1831 612 habebant

1041 634 1072 654 ac
1091 634 1237 662 proventus
1251 629 1357 663 multos,
1375 635 1402 657 et
1416 630 1629 665 agricolabantur
1649 639 1751 663 omnes,
1770 633 1832 660 rcliv

1042 680 1147 708 quaque
1166 675 1255 701 omnia
1290 676 1452 703 exercebant
1477 677 1510 704 ad
1534 677 1632 704 victum
1663 679 1831 712 pertinentia.

1040 717 1171 745 (Itali-rum
1192 720 1274 746 trilms
1303 721 1365 748 Levi
1388 722 1443 748 sola
1471 721 1598 750 honorata
1620 723 1788 756 sacerdotio,
1815 732 1829 751 a

1041 765 1154 799 negotiis
1168 765 1200 792 ad
1222 766 1318 793 victum
1345 768 1536 802 pertinentibus
1555 769 1663 797 liberata
1680 775 1756 803 erat,
1785 780 1832 799 nc~

1040 817 1092 844 que
1113 811 1235 839 colebant
1258 821 1336 848 agros
1351 835 1357 846 ,
1374 822 1460 850 neque
1474 816 1621 844 tractabant
1642 822 1728 850 artes,
1747 826 1832 853 neque

1041 861 1169 890 praetcrea
1185 857 1329 893 quidquam
1350 859 1428 894 hujus
1452 862 1558 896 generis
1583 863 1762 896 exercebant,
1785 865 1830 891 scd

1041 901 1089 927 soli
1105 903 1255 930 sacerdotio
1276 905 1424 938 vacabant,
1440 913 1470 933 ac
1487 906 1605 935 decimas
1634 909 1800 944 accipiebant
1815 918 1829 936 a

1041 951 1096 974 toto
1120 949 1216 982 populo
1239 954 1294 976 tum
1318 950 1385 984 \ini,
1405 956 1459 978 tum
1483 952 1622 986 frumenti,
1645 958 1699 980 tum
1726 954 1828 987 hordei,

1040 997 1068 1020 et
1088 993 1121 1021 de
1143 994 1204 1022 aliis
1237 995 1318 1023 rebus
1343 997 1467 1024 omnibus
1497 998 1629 1026 decimam
1654 1000 1708 1027 illis
1731 1003 1829 1035 pm‘lin~

1040 1047 1100 1066 nent
1115 1039 1213 1068 dabant
1227 1049 1320 1069 omnes
1335 1064 1342 1076 ,
1356 1048 1383 1070 et
1396 1043 1438 1071 hic
1452 1049 1508 1072 erat
1532 1045 1584 1072 illis
1603 1051 1758 1080 proventus.
1778 1047 1830 1075 Nec

1039 1084 1080 1112 fas
1095 1090 1152 1113 erat
1167 1094 1198 1114 cx
1215 1087 1267 1115 ulla
1283 1087 1332 1114 alia
1349 1089 1418 1116 tribu
1434 1090 1599 1118 sacerdotem
1617 1099 1742 1127 umquam
1759 1093 1825 1120 ﬁeri.

1039 1131 1079 1158 Ex
1106 1132 1154 1160 hac
1171 1134 1241 1160 enim
1258 1134 1326 1161 trilnt
1344 1134 1431 1162 factus
1449 1141 1490 1163 est
1511 1137 1616 1170 Aaron,
1640 1139 1765 1166 nimirum
1794 1140 1828 1167 de

1040 1178 1109 1204 tribu
1126 1178 1208 1211 Levi,
1236 1187 1267 1206 ac
1288 1188 1335 1214 per
1349 1182 1546 1210 successionem
1569 1183 1639 1210 illius
1666 1185 1765 1218 posteri
1783 1193 1827 1212 sa-

1039 1223 1187 1250 cerdotium
1217 1226 1409 1260 accipiebant,
1448 1235 1534 1262 neque
1556 1229 1668 1264 quisque
1705 1239 1827 1266 umquam

1039 1269 1163 1296 sacerdos
1181 1277 1213 1297 ex
1233 1270 1286 1298 alia
1309 1272 1377 1299 tribu
1401 1278 1506 1301 creatus
1525 1278 1576 1301 est.
1605 1275 1637 1302 lli
1661 1276 1750 1311 itaque
1777 1278 1826 1304 Le-

1040 1313 1101 1340 vita‘.
1115 1314 1232 1342 decimas
1257 1316 1290 1343 ab
1314 1317 1366 1344 illis
1380 1318 1555 1353 accipiebant,
1571 1324 1598 1347 et
1617 1320 1656 1347 sic
1673 1321 1824 1349 alebantur.

1038 1359 1091 1386 Sed
1116 1365 1179 1388 ante
1212 1361 1294 1390 Jaeoh
1315 1363 1366 1389 sub
1391 1363 1465 1391 Isaac
1480 1385 1487 1398 ,
1507 1366 1556 1393 sub
1589 1366 1742 1401 Abraham,
1768 1376 1825 1400 cum

1038 1404 1156 1432 nondum
1174 1411 1244 1433 esset
1269 1407 1371 1441 Moses,
1387 1409 1503 1436 nondum
1516 1410 1613 1446 scripta
1629 1411 1687 1444 lex,
1710 1413 1826 1442 nomlum

1038 1449 1183 1478 chiticum
1201 1452 1380 1480 sacerdotium
1397 1459 1468 1482 esset
1493 1456 1625 1490 proditum
1638 1478 1645 1489 .
1671 1466 1723 1486 non
1739 1459 1826 1486 laber-

1037 1497 1171 1530 naeulum,
1187 1506 1239 1525 non
1261 1499 1389 1534 templum
1408 1505 1500 1535 esset,
1518 1509 1571 1530 llOn
1598 1503 1681 1531 tribus
1694 1504 1824 1538 diSCI'CltP,

1037 1549 1089 1568 non
1105 1542 1250 1570 Jerusalem
1274 1548 1409 1578 exstaret,
1424 1553 1484 1573 cum
1506 1547 1595 1575 nullus
1610 1549 1720 1578 omnino
1735 1550 1759 1577 in
1773 1551 1821 1578 .lu-

1037 1586 1110 1614 dtcos
1133 1595 1222 1615 rerum
1246 1590 1423 1624 principatum
1443 1598 1619 1627 occupasset,
1647 1594 1694 1622 fuit
1717 1596 1824 1631 quidam

1037 1632 1213 1661 Melchisedcc
1231 1635 1356 1662 sacerdos
1370 1636 1416 1663 Dei
1434 1637 1565 1664 altissimi.
1584 1638 1632 1666 llic
1651 1639 1825 1670 Melchisedec

1036 1682 1094 1705 erat
1117 1687 1163 1706 rex
1185 1680 1252 1707 idem
1269 1685 1295 1708 ct
1307 1682 1432 1709 sacerdos
1449 1693 1455 1709 :
1469 1688 1547 1719 typus
1571 1686 1753 1714 enimfuturus
1765 1694 1824 1716 erat

1029 1723 1148 1757 Christi,
1174 1726 1248 1760 cujus
1263 1732 1289 1754 et
1307 1726 1442 1762 Scriptura
1457 1730 1595 1758 manifeste
1611 1733 1740 1760 meminit.
1757 1734 1823 1762 Cum

1036 1770 1107 1796 enitn
1135 1771 1266 1798 Abraham
1289 1773 1385 1800 Persas
1417 1775 1541 1808 adortus,
1565 1777 1653 1805 fratris
1686 1778 1739 1806 ﬁlio
1776 1780 1823 1808 Lot

1036 1822 1067 1841 cx
1087 1815 1190 1843 illorum
1210 1818 1330 1845 manibus
1350 1825 1462 1855 erepto,
1488 1823 1611 1851 omnibus
1635 1826 1727 1859 spoliis
1749 1827 1821 1854 dire-

1035 1860 1087 1894 ptis
1101 1862 1198 1889 redirct
1213 1883 1220 1895 ,
1239 1863 1358 1891 hostibus
1379 1866 1476 1894 virtute
1500 1867 1627 1901 devictis,
1645 1870 1713 1898 lntnc
1725 1871 1750 1897 in
1767 1880 1824 1898 nta-

1036 1905 1097 1932 dnm
1122 1906 1155 1934 de
1180 1907 1356 1936 Mclchisedec
1388 1911 1506 1946 loquitur
1528 1914 1662 1950 Scriptura
1679 1925 1685 1942 :
1700 1915 1733 1942 Et
1758 1917 1823 1944 Mcl-

1035 1951 1148 1978 ehisedec
1172 1961 1216 1979 rex
1237 1953 1323 1980 Solent
1351 1955 1439 1983 obtulit
1469 1966 1560 1992 panem
1587 1968 1617 1987 ac
1641 1962 1744 1994 vinum;
1770 1969 1823 1990 erat

1035 1996 1099 2023 enim
1123 1998 1240 2025 sacerdos
1261 1999 1309 2025 Dei
1334 2000 1467 2034 altissimi;
1490 2009 1515 2030 et
1541 2005 1666 2033 benedixit
1692 2007 1799 2035 Abraha:
1814 2031 1821 2040 ,

1035 2042 1146 2075 dixitque
1158 2051 1168 2070 :
1185 2044 1328 2071 benedictus
1350 2053 1375 2073 es
1396 2046 1526 2075 Abraham
1545 2050 1600 2077 Deo
1624 2052 1746 2079 altissimo
1757 2075 1764 2086 ,
1779 2056 1822 2089 qui

1034 2089 1126 2114 creavit
1147 2088 1236 2115 ctutum
1256 2095 1279 2116 ct
1292 2095 1402 2124 terram,
1419 2097 1441 2118 et
1467 2092 1611 2122 benedictus
1633 2095 1702 2124 Deus
1728 2099 1823 2125 altissi-

1035 2142 1099 2166 mas,
1125 2135 1168 2170 qui
1187 2136 1291 2162 tradidit
1315 2137 1429 2164 inimicos
1445 2143 1500 2166 tuos
1525 2141 1551 2167 in
1578 2150 1667 2170 ntanas
1697 2149 1763 2171 tuas.
1789 2145 1822 2172 Et

1034 2180 1101 2207 dedit
1109 2182 1146 2208 illi
1159 2181 1266 2208 decimas
1274 2191 1306 2210 ea;
1317 2184 1430 2210 omnibus
1437 2185 1563 2212 Abraham
1573 2187 1647 2222 (Gen.
1662 2189 1703 2217 Η.
1716 2191 1818 2227 18-20).

1034 2226 1061 2255 Si
1082 2229 1141 2262 quis
1157 2228 1236 2263 igitur
1250 2229 1438 2264 prophetarum
1457 2232 1560 2258 exstitit
1573 2253 1580 2265 ,
1596 2235 1640 2268 qui
1654 2235 1736 2268 dicat,
1751 2237 1821 2271 quod

1035 2279 1094 2308 post
1114 2274 1247 2301 Abrahatn
1263 2296 1270 2308 ,
1296 2281 1406 2310 postque
1422 2278 1598 2306 sacerdotium
1625 2280 1706 2314 illud,
1721 2287 1747 2310 et
1762 2283 1820 2310 haec

1035 2321 1162 2347 sacriﬁcia
1181 2326 1259 2356 atque
1280 2322 1427 2350 oblationes
1439 2344 1447 2356 ,
1467 2325 1617 2353 exoriturus
1632 2332 1704 2355 esset
1726 2337 1815 2356 sacer-

1034 2365 1082 2392 dos
1102 2366 1168 2393 alius
1181 2386 1188 2399 ,
1204 2375 1256 2393 non
1280 2375 1312 2394 ex
1335 2368 1377 2395 illa
1400 2369 1469 2396 tribu
1484 2390 1491 2402 ,
1504 2370 1550 2397 sed
1571 2378 1603 2398 ex
1618 2372 1686 2405 alia,
1709 2381 1742 2401 ex
1763 2382 1814 2409 qua

1035 2419 1177 2446 numquam
1206 2418 1311 2441 creatus
1335 2418 1376 2442 est
1404 2415 1528 2443 sacerdos
1549 2438 1556 2450 ,
1583 2425 1635 2444 non
1670 2421 1817 2448 secundum

1033 2458 1154 2486 ordinem
1179 2460 1309 2493 Aaronis,
1336 2460 1383 2487 scd
1407 2461 1552 2488 secundum
1564 2463 1686 2491 ordinem
1712 2465 1820 2493 Melchi-

1033 2503 1112 2530 scdcc
1135 2513 1142 2530 2
1162 2504 1333 2532 manifestum
1354 2511 1411 2538 est,
1438 2507 1508 2541 quod
1536 2511 1611 2534 vetus
1639 2510 1818 2538 sacerdotium

1033 2549 1157 2580 cessavit,
1171 2549 1241 2576 aliud
1256 2555 1343 2577 autem
1366 2559 1462 2578 novum
1486 2553 1511 2579 in
1535 2553 1604 2580 illius
1627 2554 1713 2582 locum
1741 2556 1804 2583 indu

1033 2595 1243 2621 ctnmest.Nam
1264 2595 1286 2622 si
1312 2596 1428 2623 futurmn
1450 2602 1517 2630 erat,
1540 2603 1566 2625 ut
1579 2603 1653 2625 vetus
1673 2599 1736 2626 illud
1752 2601 1820 2627 olm-

1034 2645 1129 2672 ncret,
1151 2648 1203 2667 non
1229 2641 1375 2668 secundum
1399 2642 1518 2670 ordinem
1548 2644 1744 2678 Mclcbiscdcc,
1773 2648 1819 2674 s;-d

1033 2686 1178 2713 secundum
1194 2686 1315 2714 ordinem
1330 2687 1418 2714 Aaron
1434 2690 1550 2722 oportuit
1576 2690 1638 2717 dici.
1651 2691 1716 2724 Quis
1741 2693 1819 2727 igitur

1034 2732 1084 2760 hoc
1105 2733 1186 2760 dicit?
1212 2733 1260 2760 Hic
1286 2733 1342 2768 ipse
1367 2734 1410 2768 qui
1436 2734 1469 2762 de
1499 2736 1636 2764 sacriﬁciis
1664 2738 1786 2773 loquutus
1809 2759 1818 2772 ,

1032 2778 1065 2805 de
1080 2777 1184 2806 Christo
1194 2778 1328 2806 disserens
1340 2778 1390 2806 hoc
1404 2787 1509 2815 quoque
1528 2781 1625 2809 alicubi
1647 2783 1714 2810 dixit
1730 2794 1736 2810 ι
1752 2784 1821 2811 tum

1032 2825 1155 2852 Dominus
1182 2825 1287 2852 Domino
1313 2834 1385 2855 mro,-
1400 2823 1492 2852 St‘dca
1515 2827 1608 2854 det'tris
1633 2829 1692 2856 turi;
1719 2830 1731 2864 (
1747 2829 1814 2858 ῐλδαι.

1033 2874 1090 2900 1(ῒῇ
1109 2873 1141 2899 il.
