2043 3116
227 125 278 153 923

262 184 288 210 5.
310 180 409 208 Deinde
430 187 463 206 ne
481 179 540 214 quis
553 178 588 205 de
600 177 746 211 vulgarium
762 175 899 201 hominum
923 173 1014 207 aliquo

226 228 406 262 suspicaretur
419 225 482 253 illud
495 232 554 252 esse
564 223 672 255 dictum,
687 229 738 249 non
753 221 817 248 dicit
829 221 879 248 hoc
894 220 1011 251 llesaias,

228 281 312 308 neque
325 272 469 302 Jeremias,
486 277 569 303 neque
584 269 720 303 quiSquam
736 267 803 294 alius
816 267 944 302 propheta
960 266 1012 300 pri-

227 324 294 345 vata:
307 316 465 344 conditionis
477 335 484 347 ,
496 314 543 342 sed
557 314 612 348 ipse
628 321 672 340 rex
682 335 690 346 ,
711 318 738 340 ut
751 313 927 347 intelligercs,
943 312 1013 346 qttod

227 372 279 390 not:
295 363 377 396 possit
398 368 446 387 rex
468 359 602 386 hominem
615 359 750 393 appellare
771 365 847 384 suurn
863 357 1010 389 Dominum,

225 408 272 435 sed
288 408 369 434 Detttn
391 405 488 432 solum.
509 405 573 432 Nam
587 405 609 431 si
626 404 744 438 privatus
759 403 872 436 fuisset,
893 403 1013 430 fortassis

226 454 321 488 aliquis
341 452 479 486 impudens
499 451 624 481 dixisset,
649 450 720 476 illunt
740 449 773 476 de
794 450 901 475 ltomiuc
922 448 1012 482 luqni;

226 506 296 526 nunc
309 505 369 525 cum
383 505 428 524 rex
448 497 542 529 fuerit,
557 496 690 522 hominem
704 503 756 522 non
775 493 944 529 appellaverit
959 494 1011 520 Do-

229 546 329 572 minum
343 551 430 570 suum.
444 542 582 576 Quomodo
594 542 664 569 enim
683 542 705 569 si
725 541 758 568 de
781 541 902 576 quopiam
919 540 1012 574 vulga-

229 591 297 617 rium
315 589 450 616 hominum
464 588 522 615 hinc
533 588 657 622 loquutus
671 587 762 613 fuisset
776 586 856 612 David
867 606 874 616 ,
891 585 1012 618 dixisset,

224 635 295 670 quod
309 636 388 663 etiam
401 642 415 661 a
428 634 528 662 dextris
539 633 702 661 consedisset
712 631 849 659 iuelfabilis
859 639 890 658 ac
903 638 1013 657 summa:

224 682 295 709 illius
308 680 473 714 majestatis?
488 679 543 706 Hoc
556 680 627 706 enim
642 678 815 713 itnpos~ibile.
833 677 869 704 De
885 678 935 703 hoc
950 683 1013 703 vero

223 728 276 754 ait:
293 726 363 753 Dixit
378 725 499 752 Dominus
520 724 626 751 Domino
640 731 703 757 meo,
721 723 812 751 Sedca
826 722 919 748 dextris
935 722 1011 754 meis,

224 773 302 799 donec
326 780 417 806 ponam
431 771 544 797 inimicos
569 775 625 796 tuos
651 769 785 796 scabellam
800 767 891 802 pedum
913 772 1013 793 tuorum

224 817 309 852 (Psal.
325 814 384 844 l09.
402 817 427 843 1.
441 814 486 851 2).
502 815 602 842 Deinde
617 822 650 841 ne
665 818 773 849 putares
783 821 842 840 eutn
857 812 1012 840 imbecilletn

226 871 287 890 esse
300 863 438 896 ntinusqtte
454 865 586 895 potentem
597 880 605 892 ,
618 858 728 892 Tecum,
744 860 840 894 inquit,
856 859 1013 894 principatus

225 913 260 936 cst
273 908 298 934 in
307 907 393 934 diebus
404 906 520 941 polentia:
532 911 580 932 tuta
591 903 652 939 (Ib.
667 912 690 931 υ.
706 904 750 938 5).
764 903 925 930 Manifestius
935 903 1013 930 etiarn

224 952 363 980 declarans
376 972 382 983 ,
405 951 505 978 addidit
521 959 527 976 :
543 949 662 976 Esutero
673 954 733 976 ante
741 948 970 983 Luciferamgettui
980 952 1012 974 te.

223 999 293 1025 Ante
307 997 457 1024 Luciferum
476 1000 563 1023 autem
577 995 664 1022 nullus
679 995 814 1021 hominum
834 994 880 1020 fuit
899 995 1013 1028 genitus.

228 1042 266 1070 Tu
278 1045 394 1070 sacerdos
407 1043 433 1068 in
443 1047 563 1068 tetri-nunt
575 1040 711 1067 secundant
727 1040 839 1066 ordinent
852 1039 1015 1066 Melc/tisedec

226 1090 285 1125 (Ib.
302 1098 325 1116 υ.
341 1090 374 1122 4;
390 1089 467 1116 IIebr.
481 1089 508 1116 5.
524 1089 540 1115 ϐ
552 1089 572 1123 ).
585 1087 643 1115 Non
654 1087 722 1115 dixit
737 1087 880 1115 secundum
893 1087 1013 1114 ordinem

223 1138 323 1163 Aaron.
339 1135 452 1162 Proinde
466 1140 621 1169 percontare
639 1133 760 1161 Judmum
774 1155 780 1166 ,
804 1134 826 1161 si
839 1133 1013 1161 sacerdotium

223 1187 298 1210 vetus
312 1189 364 1208 non
374 1186 432 1207 erat
445 1179 642 1214 antiquattdum,
657 1187 734 1214 quam
749 1179 784 1206 ob
792 1187 903 1207 causam
914 1179 1015 1206 induxit

222 1228 302 1254 alium
315 1226 478 1254 sacerdotem
491 1225 634 1252 sccundutn
645 1224 763 1252 ordinem
779 1224 962 1251 lllelchisedec.
973 1223 1014 1250 Ad

224 1274 294 1301 hunc
317 1273 395 1307 igitur
407 1272 492 1306 ipsum
515 1271 603 1298 locum
628 1269 786 1304 perveniens
811 1269 926 1302 Paulus,
953 1268 1013 1296 vide

222 1319 356 1353 quomodo
370 1317 443 1345 illum
465 1316 655 1344 evidentiorem
679 1315 834 1342 reddiderit.
857 1315 924 1342 Cum
940 1315 1010 1342 enim

223 1364 332 1393 dixisset
346 1363 380 1391 dc
392 1362 509 1394 Christo,
522 1361 745 1397 quemadmodum
760 1365 786 1388 et
804 1360 865 1387 alibi
881 1360 1012 1394 loquitur,

224 1410 262 1438 'l'u
273 1410 387 1438 sacerdos
400 1410 426 1437 in
436 1414 556 1436 aeternam
564 1407 700 1434 secundant
712 1407 824 1434 ordinent
834 1405 1014 1434 Melchisedec:

222 1456 374 1491 sultjunxit:
391 1454 429 1481 De
441 1462 490 1488 quo
500 1455 594 1480 utullus
604 1453 674 1479 nobis
688 1460 778 1484 sermo,
792 1456 815 1478 ct
829 1456 950 1478 enarrata
961 1451 1014 1486 dif-

223 1503 297 1536 ﬁcilis
311 1501 372 1538 (Id.
385 1502 412 1529 5.
430 1501 459 1528 ll
474 1500 492 1534 ).
517 1499 616 1526 Deinde
630 1506 690 1525 cum
713 1498 874 1532 iucrepasset
897 1497 1015 1532 discipu-

224 1547 264 1574 los
274 1567 281 1580 ,
302 1551 332 1574 ut
347 1546 435 1581 paucis
449 1545 536 1572 dicam
547 1565 554 1576 ,
568 1544 620 1575 ait,
633 1544 693 1578 quis
708 1543 752 1570 ille
773 1543 807 1570 sit
821 1542 1012 1574 Melchisedee;

224 1599 251 1619 et
261 1591 366 1619 adducit
377 1591 524 1623 historiam,
537 1590 571 1616 ita
585 1596 712 1616 narrans:
727 1588 775 1614 IIic
789 1588 896 1614 occurrit
906 1587 1014 1614 Abrahae

224 1638 355 1665 revertenti
368 1645 384 1663 a
404 1636 545 1663 concisione
557 1642 642 1669 regum
653 1651 662 1666 ,
677 1633 849 1667 benedixitqae
861 1632 910 1664 illi,
926 1633 966 1659 cui
990 1636 1013 1659 et

223 1684 332 1710 decimas
345 1682 376 1708 de
390 1680 504 1708 onmibus
524 1679 665 1714 impar-titus
688 1684 723 1705 est
749 1677 876 1704 Abraham
899 1676 962 1712 (Id.
986 1677 1013 1704 7.

224 1730 250 1755 Ι.
270 1728 315 1761 ‘2).
340 1727 402 1754 Post
421 1725 543 1760 aperiens
565 1723 802 1751 considerationem
823 1723 928 1756 figura):
949 1721 1013 1748 Con-

224 1773 379 1808 templamini
394 1776 476 1798 autem
497 1774 606 1804 quantas
625 1770 657 1796 sit
676 1769 722 1795 iste
733 1789 741 1801 ,
767 1767 869 1802 inquit,
883 1768 924 1794 cui
937 1768 1013 1795 etiam

226 1820 335 1846 decimas
353 1818 384 1844 de
397 1817 510 1844 munibus
523 1815 665 1849 intrat-titus
680 1819 716 1841 est
731 1813 856 1840 Abraham
871 1813 1014 1847 patriarcha

226 1865 286 1900 (Id.
310 1869 335 1889 υ.
360 1863 408 1898 Δ).
432 1862 488 1889 lloc
512 1866 600 1888 autem
623 1867 674 1886 non
688 1859 746 1886 sine
765 1866 843 1886 causa
859 1858 942 1891 dixit,
967 1857 1014 1885 scd

225 1909 367 1936 ostendere
381 1907 498 1941 cupiens,
511 1906 594 1932 multo
609 1905 692 1939 majus
707 1911 765 1931 esse
778 1903 952 1930 sacerdotium
965 1911 1013 1930 no-

224 1961 307 1983 strum
320 1961 397 1989 quant
412 1953 576 1980 Judmorum.
590 1951 675 1985 Atque
688 1951 714 1976 itt
729 1950 792 1984 ips-is
806 1949 875 1984 typis
889 1949 960 1984 prius
973 1957 1015 1976 re-

224 2009 282 2029 rum
295 1999 449 2028 execllcntia
462 1998 618 2025 declaratur.
635 1996 699 2023 Nam
711 1995 843 2022 Abraham
863 1996 942 2021 lsaaci
959 1999 1015 2021 erat

224 2052 314 2082 pater,
338 2054 402 2073 avus
417 2044 524 2075 Jacobi,
541 2050 654 2077 proavos
670 2042 732 2069 Levi
746 2061 753 2074 ,
777 2041 906 2076 siquidem
925 2040 1014 2068 Jacobi

225 2093 294 2119 lilius
316 2090 460 2118 cratLevi.
483 2089 519 2115 lix
535 2087 597 2115 Levi
620 2087 796 2114 sacerdolittut
819 2086 887 2120 apud
909 2085 1015 2113 Judatos

223 2137 335 2171 sumpsit
345 2135 482 2169 originem.
497 2133 593 2160 Verum
606 2132 647 2159 hic
659 2131 791 2158 Abraham
805 2131 956 2165 progenitor
967 2131 1016 2157 Le-

223 2183 335 2208 vilarum
349 2188 378 2207 ac
389 2179 558 2207 Judaicorum
573 2177 740 2205 sacerdotum
756 2176 804 2202 sub
818 2175 994 2203 Melchisedcc
1004 2197 1012 2209 ,

224 2226 269 2261 qui
284 2230 374 2261 typum
387 2225 494 2259 gerebat
508 2223 591 2249 nostri
605 2221 755 2253 sacerdotii,
774 2221 833 2247 laici
849 2221 934 2247 locum
947 2221 1015 2248 obti-

224 2272 291 2304 nuit,
305 2271 382 2305 idque
396 2269 494 2304 duplici
518 2268 596 2295 modo
620 2267 781 2294 declaravit:
807 2267 920 2301 primum
944 2268 1014 2302 quod

222 2319 263 2346 illi
284 2318 386 2345 dederit
406 2316 541 2343 decimas:
559 2321 619 2340 nam
635 2313 694 2340 laici
715 2313 898 2340 sacerdotibus
913 2313 1014 2342 dabant

222 2365 339 2392 decimas
351 2371 358 2395 ;
372 2362 467 2390 deinde
479 2361 547 2395 quod
562 2359 770 2387 benedictionem
785 2360 954 2394 acccperitab
964 2368 1012 2387 eo:

222 2410 319 2437 etenim
337 2409 396 2435 laici
416 2415 431 2434 a
449 2406 629 2433 saCerdotibns
649 2405 857 2432 benedictionem
872 2406 1012 2440 accipiunt.

223 2456 339 2482 Rursum
362 2452 500 2481 considera
520 2472 528 2485 ,
558 2455 655 2486 quanta
684 2451 718 2478 sit
747 2451 902 2478 excellentia
929 2452 1014 2478 nostri

223 2499 380 2531 sacerdotii,
403 2497 506 2533 quando
527 2497 658 2524 Abraham
675 2496 820 2531 patriarcha
842 2497 1012 2531 Jndzeorum,

223 2545 374 2580 progenitor
386 2544 534 2570 Levitarum
546 2563 553 2576 ,
570 2543 730 2577 comperitur
746 2543 955 2571 bent-dictionem
969 2551 1013 2570 ac-

222 2593 310 2624 cipere
323 2599 337 2617 a
352 2589 533 2619 lllelcltisedec,
549 2589 639 2623 illique
652 2588 715 2615 dare
730 2588 845 2615 decimas
856 2582 930 2617 (Gen.
949 2589 1011 2624 14).

223 2638 288 2664 Nam
306 2642 446 2670 utrumque
468 2639 557 2662 ttarrat
573 2634 652 2661 Vetus
664 2634 862 2661 Testamentum
904 2635 1012 2669 etquod

222 2681 397 2710 Melchiscdec
417 2680 581 2707 benedixerit
599 2679 731 2712 Abrahat,
751 2684 778 2706 et
800 2679 869 2714 quod
894 2680 1012 2707 decimas

221 2728 254 2754 ab
269 2735 302 2754 eo
315 2727 456 2762 acceperit.
480 2727 526 2753 llis
549 2725 628 2760 igitur
643 2726 706 2760 ipsis
725 2726 751 2752 itt
765 2726 878 2753 medium
893 2727 1013 2754 adductis

229 2773 325 2801 l‘anlus
335 2774 456 2801 dicebat:
477 2773 647 2804 Considerate,
663 2777 770 2806 qtmnltts
789 2777 825 2799 est
847 2773 915 2799 iste?
931 2774 1012 2806 Quis?

223 2816 402 2853 "th/lllﬂl’fec,
418 2819 516 2855 inquit,
543 2818 583 2844 cui
604 2817 678 2844 etiam
705 2817 812 2844 decimas
831 2818 956 2844 Abraham
979 2827 1010 2845 ex

581 121 607 147 S.
628 118 765 147 JOANNIS
783 113 1019 144 (llIRYSOSTOSH
1039 113 1196 142 ARClllEP.
1217 114 1483 144 CONSTANTINOP.

1803 118 1860 146 9‘25

1070 173 1202 207 prwripuis
1229 173 1313 205 dedit,
1344 173 1454 207 ipsorum
1486 173 1641 207 patriarcha.
1673 172 1706 201 Et
1727 175 1827 210 quidem
1839 177 1862 202 ii

1065 218 1106 252 qui
1120 222 1177 244 sunt
1192 226 1222 244 ea:
1236 218 1295 252 [iliis
1318 218 1395 251 Levi,
1418 218 1585 246 sacerdotium
1604 219 1768 255 accipientes.
1785 229 1858 247 man-

1066 267 1152 290 datum
1181 263 1287 296 habent,
1309 268 1335 290 ut
1356 264 1465 290 decimas
1486 264 1610 299 accipiant
1632 272 1647 290 a
1667 266 1778 300 populo,
1811 266 1862 292 hoc

1065 315 1101 336 est
1132 317 1148 335 a
1179 309 1298 344 fratribus
1321 310 1391 342 suis,
1415 318 1565 345 quamquam
1594 312 1697 345 egressis
1727 320 1740 338 ε
1768 312 1862 338 lumbis

1065 356 1172 382 Abraha:
1187 356 1196 391 (
1212 355 1289 382 Hebr.
1305 356 1331 382 7.
1345 356 1371 383 Ii.
1386 356 1433 390 5).
1448 355 1522 389 Qttod
1537 362 1624 383 autent
1638 356 1717 389 dicit,
1739 357 1791 384 tale
1805 362 1860 384 est.

1071 401 1170 429 Levita:
1182 423 1189 433 ,
1206 402 1290 436 inquit
1304 422 1311 434 ,
1335 403 1378 437 qui
1394 401 1463 437 apud
1477 402 1584 429 Iuda-os
1601 407 1662 429 sunt
1686 403 1839 430 sacerdotes
1852 423 1861 434 .

1067 448 1218 474 ntandatuut
1234 448 1477 482 acceperuntjuxla
1493 449 1588 482 legem,
1603 454 1630 474 ut
1645 448 1764 476 decimas
1784 449 1851 476 acci-

1068 498 1161 527 perent
1173 493 1206 520 ab
1219 493 1277 519 aliis
1291 493 1399 520 Judieis.
1416 493 1532 520 Tametsi
1547 500 1640 520 outnes
1651 494 1778 528 progeniti
1794 497 1863 520 sunt

1068 545 1099 564 ex
1117 537 1249 564 Abraham
1260 559 1267 571 ,
1283 543 1335 564 tam
1351 538 1448 565 Levita:
1461 560 1468 571 ,
1483 546 1562 573 quam
1585 539 1702 573 reliquus
1726 539 1838 573 populus
1851 558 1859 572 ,

1068 583 1239 610 nihilominus
1254 583 1370 610 decimas
1387 583 1518 618 accipiunt
1533 591 1547 610 a
1562 583 1686 610 fratribus
1705 584 1769 610 suis.
1795 584 1860 611 Mel-

1068 629 1192 657 chisedec
1204 636 1277 662 vero,
1292 629 1334 664 qui
1351 637 1401 656 non
1417 629 1488 656 ducit
1503 630 1629 664 originem
1651 629 1683 656 ab
1699 629 1767 662 illis,
1784 629 1847 664 (ue-

1065 683 1117 710 quc
1130 676 1201 704 ettint
1213 684 1245 704 ex
1256 677 1388 703 Abraham
1401 677 1554 711 progenitus
1565 682 1630 708 erat,
1646 685 1730 712 neque
1744 685 1774 704 ex
1788 677 1862 704 tribu

1065 721 1190 755 Levitica,
1205 722 1251 748 sed
1262 730 1292 748 ex
1305 722 1356 749 alio
1367 730 1463 756 genere
1475 723 1484 757 )
1497 722 1637 750 decimavit
1648 723 1790 754 Abraham,
1807 723 1859 750 hoc

1066 767 1227 794 estdecimas
1236 767 1337 802 accepit
1353 767 1385 793 ab
1397 767 1540 794 Abraham.
1552 768 1605 795 Nec
1614 767 1639 794 id
1655 769 1750 801 solum,
1764 776 1858 795 verum

1065 818 1092 840 et
1112 813 1181 840 aliud
1191 813 1314 848 quiddant
1325 813 1386 840 fecit
1396 823 1401 839 ε
1412 813 1497 841 eidem
1511 814 1554 848 qui
1575 815 1763 848 promissiones
1776 814 1859 841 habe—

1067 858 1120 889 bat,
1133 858 1253 886 videlicet
1261 859 1421 892 Abrahamo,
1429 859 1571 886 benedixit.
1582 860 1614 886 Et
1622 860 1684 894 quid
1691 860 1750 892 hoc,
1759 860 1860 894 inquis,

1066 903 1210 938 signiticm?
1223 905 1298 937 Quod
1310 905 1352 931 ltie
1363 905 1407 932 illo
1421 905 1503 932 tnulto
1512 905 1546 932 sit
1562 905 1682 933 inferior.
1698 905 1859 939 Quomodo?

1067 949 1135 976 Citra
1144 958 1239 976 omnem
1248 951 1440 977 controversiam
1449 951 1514 985 quod
1522 951 1604 977 minus
1612 956 1647 977 cst
1655 959 1670 977 a
1680 951 1774 986 majore
1782 951 1858 978 bene,

1067 996 1198 1022 dictionem
1213 997 1303 1032 accipit
1317 996 1427 1031 (Μία-υ,
1440 997 1477 1032 7).
1499 997 1588 1031 Itaque
1597 997 1646 1024 uisi
1656 997 1787 1024 Abraham
1797 1005 1858 1032 pro-

1066 1042 1168 1076 genitor
1177 1041 1328 1069 Levitarum
1340 1042 1433 1070 fuisset
1444 1042 1551 1070 inferior
1558 1043 1743 1075 Melchisedec,
1760 1051 1858 1077 lthua<

1067 1095 1144 1121 quant
1158 1088 1193 1114 illi
1205 1087 1248 1114 ltic
1259 1088 1447 1121 benedixisset,
1460 1096 1543 1122 neque
1556 1089 1616 1115 huic
1628 1089 1672 1116 ille
1684 1089 1798 1115 decimas
1811 1089 1859 1115 de-

1066 1133 1158 1160 disset.
1175 1134 1274 1161 Deinde
1288 1134 1378 1161 volens
1391 1134 1544 1166 ostendere,
1558 1142 1604 1168 per
1621 1134 1796 1162 Melcltisedec
1807 1134 1859 1163 hoc

1066 1179 1215 1211 advenisse,
1240 1179 1352 1214 subjecit
1372 1179 1464 1207 dicens
1486 1189 1492 1206 :
1509 1179 1618 1207 Etatita
1638 1180 1734 1214 loquar,
1746 1179 1796 1207 hoc
1805 1184 1858 1211 est,

1066 1224 1268 1258 propemodum,
1280 1233 1324 1259 per
1336 1225 1462 1252 Abraham
1472 1226 1604 1262 etiamipse
1615 1226 1683 1258 Levi,
1695 1227 1737 1260 qui
1749 1227 1859 1253 decimas

1067 1270 1308 1304 accipit,decimatus
1318 1275 1354 1297 es!
1365 1267 1419 1303 (ΙΙ).
1430 1277 1452 1296 υ.
1463 1268 1501 1302 9).
1510 1266 1579 1300 Quid
1590 1274 1643 1302 est,
1654 1270 1797 1298 decimatas
1807 1269 1864 1295 est?

1066 1315 1187 1342 Dccimas
1193 1314 1443 1343 deditlleleltisedcc
1450 1319 1477 1341 et
1485 1315 1540 1349 ipse
1546 1315 1619 1347 Levi,
1627 1316 1672 1350 qui
1681 1316 1795 1342 nondum
1802 1320 1859 1343 crat

1065 1361 1169 1395 genitus
1179 1368 1227 1395 per
1236 1365 1336 1395 patrem
1345 1361 1436 1395 ipsius,
1449 1361 1541 1395 inquit.
1553 1361 1642 1387 Adhuc
1655 1361 1754 1388 cnimin
1768 1362 1860 1388 Ianthis

1067 1407 1145 1441 patris
1153 1411 1204 1433 erat
1214 1415 1270 1433 cum
1278 1411 1416 1433 occurreret
1422 1406 1530 1432 Abralta:
1539 1405 1713 1433 Melchiscdcc.
1721 1406 1786 1433 Nam
1799 1406 1860 1433 ideo

1067 1452 1117 1479 hoc
1131 1460 1263 1487 occupans
1281 1451 1364 1484 dixit,
1382 1451 1416 1479 Ut
1436 1452 1471 1478 ita
1492 1452 1591 1487 loquar.
1608 1452 1661 1479 Cur
1683 1453 1740 1479 ha-c
1758 1453 1859 1481 diceret

1068 1498 1187 1532 subjicit:
1203 1498 1232 1525 Si
1244 1499 1424 1524 consummatio
1439 1498 1517 1533 igitur
1538 1503 1590 1524 erat
1604 1507 1648 1532 per
1661 1497 1801 1525 Leuiticmn
1814 1507 1858 1525 sa-

1067 1544 1225 1570 cerdotium:
1239 1543 1347 1578 populus
1369 1543 1434 1570 enim
1448 1542 1493 1570 sub
1510 1543 1554 1570 illo
1570 1544 1649 1578 legem
1668 1544 1764 1578 accepit
1772 1551 1782 1574 ,'
1796 1543 1860 1578 quid

1068 1596 1131 1623 opus
1143 1593 1195 1614 erat
1210 1588 1300 1615 deinde
1312 1588 1449 1615 secundum
1459 1589 1572 1615 ordinent
1586 1588 1752 1615 Malchisedec
1765 1589 1859 1615 exoriri

1068 1634 1145 1660 alium
1160 1634 1316 1660 sacerdote»:
1332 1634 1375 1668 qui
1388 1642 1437 1660 non
1451 1634 1550 1660 dicatur
1560 1635 1636 1669 juxta
1647 1634 1758 1661 ordinem
1771 1634 1859 1660 Aaron

1067 1678 1155 1715 (Ibid.
1170 1687 1193 1706 υ.
1212 1679 1283 1714 ll)?
1297 1679 1364 1711 Quid
1385 1684 1473 1706 autem
1495 1684 1535 1706 est
1559 1679 1629 1713 quod
1642 1679 1723 1706 dicit?
1741 1679 1768 1706 Si
1796 1687 1859 1712 res,

1067 1725 1160 1758 inquit,
1176 1729 1251 1751 erant
1265 1724 1400 1758 perfecte,
1418 1732 1476 1759 qua:
1489 1724 1649 1759 gerebantur
1659 1724 1727 1758 apud
1740 1723 1858 1757 Indicos,

1067 1777 1152 1804 neque
1171 1769 1213 1796 lex
1226 1774 1283 1796 erat
1298 1769 1390 1796 umbra
1411 1768 1559 1796 futurorum
1577 1769 1706 1796 bonorum
1719 1790 1726 1803 ,
1743 1771 1787 1798 s~ad
1801 1771 1861 1805 ipsa

1068 1820 1150 1842 totum
1164 1815 1309 1848 efliciebat,
1325 1823 1374 1842 nec
1387 1814 1502 1842 fttturum
1518 1819 1590 1848 erat,
1604 1819 1632 1842 ut
1644 1815 1765 1848 cuiquam
1781 1815 1859 1842 alteri

1069 1861 1176 1888 cederet
1188 1881 1195 1893 ,
1211 1869 1297 1896 neque
1312 1865 1340 1888 ut
1355 1861 1532 1888 sacerdotium
1546 1861 1618 1895 prius
1633 1865 1748 1888 ce~saret
1761 1881 1768 1893 ,
1789 1861 1856 1888 alte-

1068 1915 1178 1942 rumque
1192 1907 1370 1939 induceretur,
1385 1915 1432 1934 cur
1448 1907 1574 1941 propheta
1588 1906 1669 1934 dixit:
1687 1906 1725 1933 Tu
1740 1915 1765 1933 es
1779 1915 1857 1933 succr-

1068 1952 1113 1978 dos
1126 1952 1151 1978 in
1166 1957 1284 1978 wternum
1301 1953 1436 1979 secundant
1450 1952 1561 1979 ordinent
1581 1952 1607 1978 Μ
1611 1952 1745 1978 clc/tiscdec
1760 1953 1767 1985 (
1782 1952 1856 1980 P5111.

1068 1999 1128 2025 109.
1145 1998 1203 2034 4)?
1217 1999 1359 2026 Dicendum
1381 1999 1452 2025 enim
1476 2003 1552 2031 erat,
1576 1998 1720 2025 secundum
1735 1998 1856 2025 ordinem

1068 2047 1166 2072 Aaron.
1187 2044 1286 2072 Idcirco
1305 2045 1363 2072 ait:
1383 2045 1405 2072 si
1429 2045 1620 2072 consummatio
1643 2053 1690 2080 per
1710 2045 1856 2072 Leviticum

1067 2091 1244 2117 sacerdotium
1260 2095 1317 2117 erat
1328 2111 1336 2123 ,
1351 2091 1412 2125 quid
1428 2091 1524 2118 deinde
1552 2098 1618 2126 opus
1633 2096 1689 2118 erat
1711 2091 1855 2117 secundum

1068 2137 1187 2163 ordinctn
1207 2137 1382 2164 Melchisedec
1402 2138 1498 2164 exoriri
1514 2137 1678 2164 sacerdotem
1694 2138 1774 2164 alium
1788 2158 1795 2170 ,
1810 2138 1855 2172 qui

1067 2190 1119 2209 nett
1144 2182 1276 2209 diceretur
1298 2183 1443 2210 secundum
1466 2182 1584 2210 ordinem
1610 2183 1720 2210 Aaron?
1743 2183 1780 2210 Ex
1805 2183 1856 2210 hoc

1071 2229 1140 2255 enim
1158 2229 1256 2262 liquet,
1282 2229 1345 2255 illud
1361 2229 1535 2255 saccrdotimu
1561 2230 1636 2256 linem
1653 2230 1784 2264 accepisse
1797 2251 1804 2261 ,
1828 2234 1856 2257 et

1067 2273 1137 2300 aliud
1156 2274 1180 2300 itt
1201 2274 1270 2300 illius
1285 2274 1369 2300 locuut
1394 2274 1527 2301 inductum
1541 2282 1600 2301 esse
1617 2275 1700 2301 multo
1713 2275 1806 2302 melius
1820 2282 1854 2302 ac

1067 2319 1213 2345 sublimius.
1227 2320 1256 2345 llt
1267 2327 1282 2346 c
1292 2323 1377 2346 autem
1391 2321 1484 2351 ινξιπιτ),
1497 2321 1575 2347 simul
1587 2325 1611 2347 et
1623 2321 1685 2347 illud
1698 2321 1722 2347 in
1733 2321 1857 2349 confesso

1067 2367 1117 2395 est,
1131 2364 1208 2390 alium
1224 2365 1302 2390 (tam
1318 2364 1481 2390 Vita-statum
1498 2365 1644 2392 sacerdote
1654 2371 1854 2399 cougrucntetn,

1067 2409 1143 2435 simul
1169 2409 1342 2436 inducendum
1365 2409 1463 2440 fuisse,
1481 2418 1581 2436 necnon
1599 2411 1680 2444 legem
1696 2411 1856 2445 meliorem,

1067 2453 1189 2480 nimirum
1215 2460 1342 2481 nostram.
1366 2454 1440 2487 Quod
1464 2462 1528 2481 sane
1542 2455 1727 2483 demonstrans
1758 2456 1856 2485 Paulus

1067 2499 1187 2526 diccbat:
1203 2499 1336 2526 Translata
1360 2501 1424 2526 enim
1438 2501 1578 2526 sacerdotio
1593 2521 1599 2533 ,
1623 2502 1760 2528 necessario
1779 2503 1808 2535 ﬁt
1831 2507 1856 2529 ct

1067 2545 1127 2579 legis
1141 2545 1271 2572 translatio
1282 2565 1288 2576 ,
1311 2550 1334 2572 et
1348 2546 1435 2572 horum
1458 2547 1571 2572 conditor
1583 2551 1618 2572 est
1632 2555 1696 2573 mtas
1717 2546 1810 2581 (Hebr.
1827 2547 1856 2576 7.

1067 2591 1100 2618 1⁸2
1110 2590 1132 2626 ).
1148 2591 1213 2624 Quia
1227 2591 1296 2618 enim
1314 2591 1439 2625 pleraque
1453 2591 1545 2626 lcgalia
1560 2591 1629 2618 circa
1648 2592 1787 2619 sacerdotii
1802 2593 1856 2620 nti-

1065 2637 1171 2664 nisteria
1185 2637 1375 2670 consistebant,
1401 2638 1473 2672 pritts
1486 2643 1575 2664 autem
1589 2639 1765 2665 sacerdotth
1789 2647 1855 2673 pros

1066 2681 1180 2715 liigatuut
1196 2687 1235 2708 est
1248 2703 1255 2714 ,
1281 2683 1405 2709 nitttirum
1425 2683 1478 2709 alio
1493 2683 1518 2709 in
1541 2683 1609 2710 illius
1623 2684 1708 2711 vicem
1732 2685 1853 2717 inducto,

1066 2727 1255 2761 legislationom
1271 2729 1349 2755 etiam
1373 2730 1508 2756 meliorcnt
1533 2729 1558 2756 in
1575 2731 1642 2758 illitis
1657 2731 1742 2758 locum
1763 2731 1854 2759 induci

1065 2774 1190 2807 oportuit.
1207 2774 1327 2802 Postltmc
1347 2775 1501 2808 declarans,
1516 2777 1548 2803 de
1561 2785 1613 2812 quo
1628 2777 1685 2804 hare
1700 2778 1780 2811 dicat,
1795 2779 1832 2805 ait
1846 2787 1853 2806 :

1068 2818 1105 2845 Dc
1118 2828 1166 2854 quo
1176 2820 1240 2846 enim
1255 2821 1370 2847 dicuntur
1380 2821 1444 2855 lucc,
1457 2822 1558 2849 allcrius
1571 2823 1647 2850 tribus
1658 2825 1781 2857 partit-(ps
1794 2824 1854 2859 fuit,
