2043 3116
205 159 256 186 923

193 226 226 246 es
238 226 288 253 qua
301 217 385 246 nullus
397 217 501 245 uacabat
514 217 599 244 altari.
616 216 643 243 Μ
646 217 781 251 αηίίεειαηι
795 222 831 244 est
843 217 907 244 enim
920 217 988 252 quod

194 271 227 289 ex
240 262 309 290 Iuda
322 268 424 290 emortus
439 267 473 290 est
487 262 611 290 Dominus
629 266 713 289 uoster
725 282 732 294 ,
752 262 778 288 in
799 270 874 297 quant
898 262 988 289 tribum

196 307 262 336 nihil
269 310 300 337 de
310 309 450 336 sacerdotio
462 309 545 336 Moses
556 309 672 345 loquutus
683 313 717 336 est
729 308 768 343 (11
771 308 821 335 ebr.
835 309 861 336 7.
873 309 916 335 15.
931 307 987 344 Μ).

196 353 261 381 Cum
278 355 355 390 igitur
368 355 470 382 clarum
484 355 517 382 sit
530 355 664 382 Christum
677 362 709 382 ex
724 354 767 381 illa
780 361 838 382 esse
853 354 933 386 tribu,
947 354 988 380 ni-

196 400 294 427 mirum
322 408 355 427 ex
368 400 433 428 Juda
444 421 452 434 ,
468 405 495 428 et
519 400 684 427 sacerdotem
708 400 854 427 secundum
869 399 989 426 ordinem

197 445 375 473 Melchisedec
385 466 391 478 ,
409 453 487 480 porro
499 445 678 474 lllelcbisedec
692 453 752 473 esse
766 446 849 472 multo
873 445 989 471 honora—

195 490 318 518 biliorem
342 491 514 532 Abrahamo;
529 491 652 518 nimirum
677 496 702 519 et
725 491 790 518 illud
815 491 990 526 undequaque

195 541 299 564 constat
312 537 383 572 quod
396 537 474 564 etiam
488 537 560 564 aliud
582 545 630 572 pro
643 537 697 564 alio
719 537 854 564 inducitur
866 537 991 563 sacerdo-

198 582 263 609 tium
277 582 362 609 multo
376 590 420 615 eo,
444 582 515 618 quod
529 583 601 617 prius
616 582 712 615 fuerat,
726 582 875 610 sublimius.
887 581 952 609 Nam
967 582 988 608 si

195 632 274 663 typus
291 628 351 655 talis
364 628 443 655 ctiam
454 628 563 656 Judaico
577 628 725 656 sacerdotio
740 628 903 663 splendidior
915 631 988 661 erat,

195 674 281 701 multo
295 675 381 709 magis
395 675 452 709 ipsa
467 675 564 702 veritas
576 695 583 708 ,
600 675 671 710 quod
693 679 808 702 tractans
821 674 890 702 idem
904 673 969 701 dixit
981 681 989 700 :

197 719 315 752 Amplius
331 720 413 747 adhuc
426 721 586 754 manifestum
597 725 631 747 cst
641 741 648 753 ,
663 721 685 747 si
698 720 834 747 secundum
846 720 992 747 similitudi.

199 772 258 791 nam
283 764 451 792 Melc/tisedec
473 765 585 792 exoritur
605 766 670 791 alius
691 765 807 792 sacerdos
821 765 863 800 qui
886 773 936 792 mm
960 765 992 792 sit

193 810 271 845 juxta
284 811 362 845 legem
378 811 495 845 pra'cepti
514 810 624 837 carnalis
634 831 641 844 ,
656 811 700 837 sed
719 811 797 846 juxta
810 811 923 837 virtutem
936 810 993 838 vita:

195 857 377 884 indissolubilis
399 856 484 893 (Ibid.
502 865 525 883 υ.
549 857 591 884 lli.
613 856 677 893 16).
693 857 761 890 Quid
776 861 835 890 est,
855 865 906 884 non
917 858 993 892 juxta

195 902 276 937 legem
291 902 410 937 prwcepti
429 902 539 929 carnalis
549 922 556 934 ,
570 902 614 929 sed
624 903 700 936 juata
713 903 826 929 virtutem
845 903 902 929 vita:
913 903 993 929 indis-

201 948 426 982 solubilis?Quod
442 949 542 975 nullum
567 949 636 975 illius
661 953 823 984 pra-ceptum
848 953 922 976 esset
934 956 992 976 car-

197 993 268 1021 nale.
283 993 341 1021 Non
364 994 436 1020 enim
451 1001 515 1022 oves
537 998 654 1021 mactare
676 1002 762 1029 neque
784 995 880 1021 vitulos
891 995 991 1029 jussit;

197 1038 244 1066 sed
258 1047 306 1074 per
319 1040 442 1067 virtutem
455 1040 535 1067 animi
550 1040 632 1066 Deum
645 1040 733 1067 colere
745 1048 752 1066 :
767 1046 793 1067 et
809 1040 903 1067 horum
926 1049 993 1075 prte-

197 1085 251 1112 mia
264 1085 343 1113 vitam
359 1085 436 1113 nobis
450 1085 614 1121 designavit,
636 1094 695 1121 qua:
708 1094 851 1121 numquam
873 1094 992 1114 corrum-

199 1136 287 1166 petur.
302 1132 339 1158 Ae
360 1139 465 1159 rursum
488 1136 608 1159 mortuos
627 1140 676 1160 nos
691 1133 740 1160 sub
756 1134 869 1167 peccatis
884 1134 993 1161 veniens

199 1177 347 1209 suscitavit,
362 1177 496 1204 destructa
510 1178 608 1213 duplici
620 1183 715 1209 morte,
732 1179 814 1206 altera
826 1179 936 1213 peccati,
951 1180 992 1206 al-

200 1228 256 1250 tera
279 1224 376 1251 carnis.
390 1223 519 1257 Quoniam
535 1225 614 1259 igitur
628 1225 688 1251 talia
703 1225 780 1252 nobis
793 1225 862 1252 bona
877 1225 992 1253 aﬁ'crcns

199 1270 282 1302 venit,
297 1269 357 1296 ideo
376 1269 456 1296 dicit:
479 1269 539 1296 Non
547 1270 624 1305 juxta
641 1269 720 1305 legem
739 1271 849 1298 carnalis
861 1271 991 1306 prwccpti,

199 1316 244 1342 sed
252 1315 328 1351 juxta
341 1316 456 1342 virtutem
475 1316 532 1342 vitta
546 1315 738 1343 indissolubilis.

235 1362 262 1390 6.
277 1362 335 1390 1am
349 1362 428 1397 igitur
441 1367 467 1390 et
481 1363 546 1390 illud
559 1363 629 1398 quod
652 1363 772 1390 restabat
787 1363 865 1390 simul
881 1363 993 1390 demon-

201 1412 312 1435 stratum
335 1414 389 1440 est,
417 1408 547 1436 translato
584 1408 754 1441 sacerdotio,
787 1408 854 1443 legis
887 1416 993 1443 quoque

202 1453 403 1481 translationem
419 1454 474 1481 ﬁeri
488 1461 535 1489 par
549 1461 619 1481 esse.
644 1455 768 1481 Attamen
793 1458 820 1481 et
840 1455 892 1482 hoc
906 1455 992 1489 ipsum

201 1508 331 1535 expresse
354 1500 450 1528 licebat
474 1500 657 1528 demonstrare
669 1522 677 1535 ,
693 1501 890 1536 prophetasque
910 1506 993 1529 testes

201 1556 295 1575 rursus
309 1548 440 1576 adducere
452 1548 570 1575 dicentes
583 1569 591 1582 ,
601 1548 685 1583 legem
696 1555 756 1576 esse
767 1548 991 1581 transferendam,

202 1599 230 1622 et
242 1595 396 1629 reipublicte
420 1599 518 1622 statum
532 1595 558 1621 in
572 1594 668 1622 melius
691 1594 923 1621 transmutandum
935 1614 943 1627 ,
967 1598 995 1622 et

203 1649 337 1675 nunquam
350 1648 439 1676 regem
453 1640 568 1676 aliquem
581 1640 702 1668 Judaeum
715 1640 892 1668 exoriturum.

239 1682 346 1708 Moralis
361 1682 501 1708 exhortatio
524 1682 557 1708 ad
576 1683 754 1708 correctionem
772 1681 993 1715 fratrum—Ve-

204 1736 261 1756 rum
277 1727 401 1762 quoniam
424 1731 524 1754 tantum
545 1731 586 1754 est
607 1726 762 1759 dicendum,
777 1730 904 1760 quantum
919 1726 994 1753 audi-

205 1779 246 1800 tor
256 1773 340 1809 possit
352 1779 458 1806 capere,
474 1779 524 1800 nec
538 1771 627 1798 omnia
642 1771 741 1804 simul,
758 1778 808 1798 nec
826 1771 971 1799 acervatim
986 1780 992 1798 :

205 1819 257 1845 illis
273 1819 297 1845 in
314 1817 386 1845 aliud
402 1821 508 1852 tempus
525 1817 668 1844 reservatis
681 1838 688 1849 ,
710 1817 753 1844 hic
767 1824 918 1844 sermonem
933 1817 994 1844 ﬁni-

205 1870 296 1896 cmus,
311 1863 482 1890 exhortantes
500 1867 617 1890 vestram
637 1862 785 1893 caritatem,
800 1866 829 1889 ut
842 1862 996 1889 memineri-

206 1908 240 1936 tis
253 1915 344 1935 eorum
356 1915 414 1943 qua:
428 1907 497 1935 dicta
509 1912 584 1939 sunt,
600 1911 627 1934 et
641 1907 698 1934 haec
709 1908 761 1934 illis
771 1915 831 1942 qua:
842 1908 915 1942 prius
925 1908 994 1936 dicta

206 1957 269 1980 sunt
281 1953 428 1980 annectatis
440 1973 447 1986 ,
461 1953 584 1988 quodque
596 1953 668 1988 prius
681 1953 833 1987 rogavimus
845 1975 852 1987 ,
869 1953 941 1980 idem
965 1957 993 1981 et

207 2006 278 2026 nunc
291 2006 413 2033 rogamus
425 2019 432 2030 ,
447 2004 475 2026 ut
488 1998 585 2026 fratres
599 2004 703 2026 vestros
722 1999 856 2027 reducatis
874 2000 907 2027 ad
922 2000 996 2027 salu-

208 2050 261 2072 tem
273 2066 280 2077 ,
295 2048 322 2072 et
334 2046 444 2071 multam
458 2045 662 2072 sollicitudinem
677 2045 796 2072 habeatis
810 2053 857 2081 pro
870 2047 996 2074 membris

209 2090 347 2125 neglectis.
361 2090 472 2124 Propter
483 2091 533 2118 hoc
545 2091 617 2118 enim
631 2098 680 2118 nos
693 2095 795 2119 tantum
807 2091 927 2119 laborum
939 2099 998 2119 sus-

210 2138 334 2171 cipimus,
352 2144 404 2163 non
427 2139 454 2162 ut
478 2135 577 2163 frustra
597 2137 747 2171 loquamur,
769 2143 853 2171 neque
872 2142 901 2166 ut
920 2137 997 2173 plau-

211 2190 269 2211 sum
285 2182 480 2217 strepitumque
492 2182 649 2216 referamus,
661 2182 708 2209 sed
723 2188 751 2210 ut
764 2184 869 2210 avulsos
884 2183 916 2211 ad
929 2184 999 2211 viam

211 2228 331 2255 veritatis
346 2227 512 2254 reducamus.
529 2227 568 2254 Ac
579 2235 612 2254 ne
627 2227 688 2262 quis
704 2227 768 2254 mihi
780 2228 933 2260 dicat,nihil
949 2228 1001 2256 mi-

212 2273 240 2301 hi
264 2280 324 2300 cum
338 2279 371 2300 eo
384 2277 425 2300 est
448 2273 558 2307 negotii,
573 2273 674 2299 utinam
699 2274 836 2307 contingat
855 2274 921 2301 mihi
941 2282 1001 2302 mea

211 2319 296 2353 ipsius
310 2318 416 2354 negotia
432 2324 506 2346 recte
518 2318 626 2353 gerere!
641 2318 724 2346 Nemo
735 2326 812 2346 suum
827 2320 909 2354 ipsius
922 2328 1002 2356 nego-

213 2365 279 2392 tium
293 2370 366 2393 recte
381 2372 476 2400 gerere
490 2369 586 2399 potest,
601 2364 720 2399 neglecta
745 2366 856 2398 proximi
876 2366 1002 2393 dilectio-

214 2418 248 2438 ne
268 2414 297 2438 et
316 2411 400 2438 salute
413 2420 420 2438 :
433 2411 493 2439 ideo
504 2416 531 2438 et
553 2410 649 2437 Paulus
672 2410 709 2437 ait
722 2419 729 2437 :
743 2410 825 2437 Nemo
840 2410 908 2443 quod
925 2419 1001 2438 suum

215 2462 251 2484 est
261 2462 369 2492 quterat,
382 2458 425 2484 sed
439 2457 545 2492 quisque
564 2457 631 2492 quod
655 2453 803 2488 alterius(l.
816 2453 876 2484 Cor.
886 2456 929 2484 10.
943 2457 1001 2492 24),

215 2504 316 2535 sciens,
327 2503 397 2538 quod
411 2510 459 2530 sua
469 2502 597 2537 cujusque
606 2502 706 2529 utilitas
719 2502 744 2528 in
759 2501 874 2536 proximi
887 2502 1002 2530 utilitate

216 2550 266 2576 sita
280 2552 331 2577 est.
350 2548 436 2576 Sanus
450 2555 479 2576 es
493 2553 531 2580 tu,
541 2547 588 2575 sed
602 2547 684 2576 frater
699 2552 759 2574 tuus
781 2547 939 2575 inﬁrmatur.
953 2548 1003 2575 ita.

216 2601 266 2629 que
279 2594 300 2621 si
315 2600 378 2621 vere
393 2593 521 2620 sollicitus
535 2593 616 2620 fueris
629 2600 676 2627 pro
691 2597 844 2627 aegrotante,
857 2593 940 2627 magis
957 2593 1004 2620 do-

217 2639 296 2672 lebis,
314 2642 341 2666 et
356 2638 502 2666 imitaberis
517 2639 542 2665 in
556 2639 607 2665 hoc
628 2645 732 2673 quoque
745 2638 851 2665 beatum
867 2638 942 2666 illum
957 2639 1004 2673 qui

217 2686 280 2714 dicit
294 2694 300 2712 :
312 2686 368 2720 quis
379 2685 534 2718 inﬁrmatur,
545 2690 568 2712 et
588 2693 633 2720 ego
649 2693 698 2711 non
714 2685 850 2719 in/irmor?
863 2685 918 2720 quis
932 2694 1005 2712 scan-

218 2733 355 2765 dalizatur,
369 2736 392 2758 et
416 2739 462 2767 ego
486 2740 536 2758 non
559 2740 619 2758 uror
632 2731 671 2767 (Ξ.
687 2731 745 2758 Cor.
764 2732 807 2759 Η.
819 2731 885 2767 ‘29)?
899 2731 1004 2759 Etenim

214 2779 239 2805 si
253 2786 316 2805 etim
330 2777 399 2804 duos
413 2776 506 2804 obolos
527 2776 688 2809 dederimus,
710 2777 869 2811 paulumque
885 2777 1003 2811 pecunia:

218 2823 441 2857 insumpserimus
455 2822 480 2849 in
494 2830 633 2858 pauperes,
647 2823 810 2858 gaudemus:
823 2823 844 2850 si
856 2823 1004 2858 poterimus

218 2868 319 2898 animas
333 2877 452 2902 servare,
464 2873 563 2902 quanto
586 2869 712 2904 majorem
729 2868 870 2903 voluptatis
885 2868 1001 2896 frurtuat

807 159 988 189 ADVERSUS
1006 160 1157 189 JUDIEOS.
1179 161 1234 189 V'll.

1772 165 1822 194 seu

1043 217 1332 253 capiemus‘tquantam
1354 222 1441 245 autem
1461 218 1487 245 in
1500 218 1588 245 futuro
1609 218 1707 246 smculo
1720 218 1832 254 recipie-

1040 270 1101 290 mus
1116 263 1290 290 mercedem?
1313 262 1378 290 Nam
1399 263 1442 290 hic
1456 271 1560 298 quoque
1582 264 1687 298 quoties
1701 264 1826 290 conveni-

1041 316 1120 342 mus,
1138 309 1248 337 multam
1268 309 1403 343 capiemus
1428 310 1588 344 voluptatem
1611 318 1644 337 ex
1665 315 1827 343 cougressu,

1042 354 1244 382 reminiscentes
1256 354 1403 382 ofﬁciorum
1416 375 1423 388 ,
1438 363 1496 390 qua:
1511 355 1563 382 illis
1578 355 1758 390 prmstitimus.
1776 355 1828 382 De-

1042 399 1103 429 'Jlde
1118 407 1178 427 cum
1193 400 1252 428 illos
1270 401 1489 436 conspexerimus
1504 400 1537 428 ad
1560 400 1672 427 tribunal
1688 399 1752 426 illud
1771 407 1829 426 tne-

1041 446 1168 473 tuendum
1180 466 1188 479 ,
1203 446 1291 473 multa:
1302 445 1405 473 ﬁducia:
1419 446 1558 480 participes
1569 446 1678 473 erimus.
1694 445 1724 472 Et
1737 453 1831 479 quent-

1042 491 1184 519 admodum
1201 493 1244 527 qui
1258 492 1351 526 injuria
1366 492 1486 519 afﬁciunt
1497 512 1504 525 ,
1519 491 1565 526 qui
1586 495 1711 525 usurpant
1725 490 1810 517 aliena
1821 510 1828 521 ,

1042 539 1088 573 qui
1102 539 1221 572 rapiunt,
1236 538 1280 574 qui
1305 538 1373 565 mala
1395 538 1533 565 innumera
1550 537 1678 572 proximis
1700 536 1829 563 inferunt.

1042 591 1103 611 cum
1119 584 1182 611 illuc
1195 584 1317 611 venerint
1340 590 1439 619 eosque
1464 583 1596 615 viderint,
1619 583 1664 617 qui
1680 581 1736 608 hanc
1759 580 1828 615 passi

1042 634 1106 656 sunt
1116 629 1254 665 (videbunt
1268 630 1338 656 enim
1357 629 1427 656 haud
1451 629 1531 657 dubie
1542 649 1549 662 ,
1566 632 1594 656 ut
1607 627 1774 663 perspicumn
1790 630 1832 653 est

1043 679 1070 702 et
1082 682 1114 702 ex
1129 675 1208 702 divite
1224 675 1269 702 illo
1282 679 1309 701 et
1325 674 1455 709 Lazaro),
1478 681 1563 709 neque
1583 681 1613 701 os
1635 673 1739 707 aperire
1753 677 1829 706 pote-

1043 726 1105 748 runt
1117 742 1124 752 .
1139 729 1224 756 neque
1237 721 1390 754 habebunt,
1405 722 1475 756 quod
1490 721 1594 754 dicant,
1620 724 1665 746 aut
1686 723 1829 751 excusent,

1046 767 1093 794 sed
1105 768 1189 794 multo
1205 768 1305 802 pudore
1321 776 1467 802 magnaque
1482 767 1701 794 condetnnatione
1716 764 1808 799 repleti
1823 784 1830 796 ,

1044 819 1077 839 ex
1091 812 1195 839 illorum
1210 817 1318 847 aspectu
1331 813 1363 840 ad
1377 813 1453 847 ignea
1474 812 1582 839 flumina
1597 811 1770 838 adducentur.
1785 809 1831 836 lti-

1044 857 1104 885 dem
1117 859 1161 893 qui
1184 859 1296 885 salutem
1323 858 1435 885 aliorum
1462 862 1572 890 curant,
1595 857 1638 892 qui
1649 857 1763 887 docent,
1789 854 1831 889 qui

1044 903 1192 937 instituunt,
1205 904 1248 930 ubi
1262 903 1376 931 viderint
1388 911 1433 931 eos
1446 911 1512 938 quos
1526 906 1708 934 servaverunt,
1723 901 1776 928 illic
1789 908 1834 934 pa-

1044 949 1206 976 trocinanles
1220 949 1300 983 ipsis,
1327 950 1408 976 multa
1424 949 1518 976 ﬁducia
1534 948 1716 982 rcplebuutur.
1736 947 1768 973 Et
1783 946 1834 972 hoc

1044 995 1141 1022 Paulus
1155 995 1294 1023 declarans
1309 996 1373 1022 dixit
1389 1005 1395 1022 :
1411 996 1498 1022 Gloria
1520 1000 1601 1022 vestra
1621 1003 1724 1025 sumus,
1745 1001 1832 1028 quein-

1044 1042 1180 1069 admodum
1194 1047 1216 1069 et
1231 1051 1273 1069 vos
1284 1047 1369 1069 nostra
1393 1043 1429 1078 (2.
1444 1043 1503 1070 Cor.
1520 1043 1545 1070 l.
1561 1041 1615 1078 Η).
1631 1041 1741 1075 Quando
1763 1039 1834 1066 hoc?

1044 1087 1077 1114 lu
1095 1089 1136 1114 die
1151 1088 1253 1115 Domini
1264 1089 1342 1115 nostri
1354 1088 1416 1115 Jcsu
1435 1088 1538 1116 C/n'isti.
1554 1089 1592 1115 Ac
1607 1095 1698 1115 rursus
1712 1087 1834 1114 Christus

1044 1134 1199 1161 exhortatur
1212 1155 1219 1167 ,
1235 1134 1326 1161 dicens
1344 1143 1350 1160 :
1365 1134 1453 1161 Facite
1472 1134 1541 1162 vobis
1558 1135 1652 1160 amicos
1664 1141 1695 1160 ea:
1718 1139 1834 1158 ntainona

1044 1180 1182 1214 iniquitatis
1192 1201 1199 1213 ,
1213 1183 1240 1206 ut
1253 1188 1310 1206 cum
1323 1180 1477 1215 defeceritis,
1496 1179 1616 1213 recipiant
1634 1186 1678 1205 vos
1691 1178 1717 1204 in
1737 1182 1829 1204 attenta

1043 1234 1090 1253 sua
1107 1226 1267 1253 tabernacula
1284 1225 1358 1261 (Luc.
1375 1226 1417 1253 16.
1433 1225 1473 1260 9).
1487 1225 1568 1252 Vides
1588 1225 1697 1252 militum
1714 1223 1835 1250 fiduciam

1044 1271 1121 1298 nobis
1132 1271 1252 1307 praestari
1263 1271 1297 1298 ab
1312 1271 1343 1298 iis
1353 1292 1360 1304 ,
1376 1278 1443 1306 quos
1456 1270 1498 1297 hic
1512 1274 1602 1297 nostro
1615 1269 1744 1296 beneﬁcio
1756 1270 1834 1302 juve-

1044 1317 1137 1344 rimus.
1163 1317 1239 1350 Quod
1259 1317 1300 1351 si,
1326 1316 1369 1344 ubi
1386 1316 1495 1352 pecunia
1521 1316 1658 1343 dumtaxat
1673 1315 1834 1346 insumitur,

1045 1367 1083 1390 tot
1093 1368 1154 1390 sunt
1169 1371 1275 1390 corona:
1285 1385 1292 1396 ,
1317 1367 1388 1390 tanta
1411 1370 1513 1390 merces
1523 1382 1529 1394 ,
1543 1366 1616 1388 tanta
1630 1359 1810 1388 remuneratio
1826 1368 1832 1385 ε

1045 1409 1088 1436 tibi
1100 1409 1207 1443 juvatur
1217 1409 1304 1436 anima
1315 1429 1322 1441 ,
1337 1409 1380 1443 qui
1394 1408 1448 1435 ﬁeri
1466 1412 1553 1442 potest
1564 1412 1593 1434 ut
1615 1414 1667 1434 non
1682 1406 1763 1433 multa
1776 1412 1834 1432 nia--

1044 1461 1148 1490 gnaque
1171 1455 1248 1482 nobis
1271 1455 1426 1489 contingant
1446 1454 1535 1481 bona?
1551 1453 1655 1480 Etenim
1677 1452 1699 1479 si
1723 1451 1835 1478 Tabitha

1045 1500 1101 1534 illa,
1117 1508 1175 1535 quae
1186 1500 1278 1527 viduas
1292 1499 1440 1532 vestiebat,
1457 1506 1515 1534 qua:
1530 1497 1676 1534 paupertati
1693 1496 1835 1523 subvenie-

1044 1545 1110 1578 bat,
1125 1553 1140 1572 a
1155 1549 1241 1572 morte
1266 1545 1292 1572 in
1306 1545 1384 1571 vitam
1399 1548 1521 1572 revocata
1543 1548 1583 1570 cst
1597 1543 1664 1578 (Αει.
1679 1542 1706 1569 9.
1729 1540 1774 1577 56)
1787 1562 1794 1573 ,
1808 1545 1836 1569 et

1045 1591 1169 1626 lacryma:
1182 1598 1273 1618 eorum
1283 1590 1327 1625 qui
1342 1590 1477 1617 beneﬁciis
1489 1589 1575 1616 all‘ceti
1587 1588 1690 1616 fuerant
1702 1608 1708 1620 ,
1720 1587 1835 1614 animam

1045 1636 1072 1663 in
1086 1643 1182 1670 corpus
1197 1635 1376 1668 reduxerunt,
1400 1642 1460 1662 cum
1482 1634 1599 1661 nondum
1612 1633 1730 1667 venisset
1745 1640 1836 1659 resur-

1046 1681 1130 1708 rectio
1147 1689 1154 1706 :
1174 1680 1237 1715 quid
1250 1680 1347 1707 facient
1361 1680 1497 1707 hominum
1514 1687 1560 1714 per
1575 1683 1600 1706 te
1615 1683 1780 1705 servatorum
1795 1677 1834 1704 la-

1046 1726 1164 1762 crymtc?
1178 1726 1251 1754 Sicut
1263 1726 1334 1753 enim
1351 1726 1418 1753 hanc
1433 1726 1636 1753 circumstantes
1650 1723 1735 1751 viduae
1749 1723 1836 1750 vivam

1046 1781 1079 1800 ex
1093 1777 1195 1800 mortua
1210 1772 1382 1800 reddiderunt
1398 1781 1404 1798 :
1418 1773 1456 1799 sic
1468 1777 1493 1799 et
1509 1776 1532 1798 te
1548 1776 1611 1798 tunc
1632 1771 1836 1798 circumstantes

1047 1819 1092 1854 qui
1107 1826 1176 1846 nunc
1192 1826 1239 1854 per
1260 1823 1286 1846 te
1300 1818 1396 1845 servati
1416 1818 1528 1849 fuerint,
1543 1817 1661 1845 efﬁcient
1676 1821 1705 1844 ut
1724 1817 1835 1843 multam

1046 1866 1192 1900 experiaris
1210 1865 1398 1892 humanitatem
1412 1885 1419 1898 ,
1431 1869 1458 1892 et
1470 1873 1502 1892 ex
1516 1864 1637 1891 inccndio
1646 1864 1774 1898 gehennze
1782 1862 1837 1889 eri-

1047 1913 1130 1947 pient.
1147 1911 1209 1939 lltec
1219 1911 1296 1946 igitur
1311 1912 1440 1944 scientes,
1458 1918 1510 1937 non
1525 1911 1557 1937 ad
1571 1914 1729 1945 prmsentem
1743 1909 1836 1936 horam

1048 1961 1149 1984 tantum
1161 1956 1253 1984 fervidi
1265 1957 1347 1983 simus
1360 1961 1386 1983 et
1398 1956 1536 1991 vigilantes
1548 1977 1555 1988 ,
1574 1955 1620 1982 sed
1636 1956 1722 1989 ignem
1735 1975 1742 1987 ,
1757 1961 1837 1988 quem

1048 2002 1151 2030 habetis
1172 2009 1260 2034 nunc,
1285 2001 1439 2033 accendite;
1460 2001 1613 2036 egressique
1635 2000 1719 2032 foras,
1746 1999 1837 2026 distri-

1049 2048 1120 2075 buite
1130 2047 1241 2074 salutem
1257 2047 1380 2074 civitatis.
1397 2047 1472 2080 Quod
1492 2046 1514 2073 si
1528 2045 1653 2080 ignoretis
1665 2066 1672 2079 ,
1693 2044 1838 2079 perquirite

1048 2100 1112 2124 eos.
1126 2092 1170 2127 qui
1191 2092 1232 2119 his
1245 2092 1321 2119 malis
1333 2095 1472 2125 mgrotant.
1489 2091 1532 2118 Sic
1551 2091 1620 2118 enim
1644 2095 1671 2117 et
1694 2098 1742 2117 nos
1763 2089 1838 2116 vobis

1048 2138 1196 2174 promptius
1226 2137 1402 2171 libentiusque
1423 2137 1579 2171 loquemur,
1601 2136 1666 2170 ipsis
1693 2135 1769 2162 factis
1790 2142 1838 2162 co-

1049 2189 1206 2221 gnoscentes
1218 2205 1225 2217 ,
1241 2190 1290 2210 nos
1307 2191 1360 2210 non
1375 2183 1400 2210 in
1415 2187 1516 2217 petram
1529 2190 1619 2210 semen
1629 2182 1744 2216 jecisse,
1755 2185 1781 2208 et
1791 2187 1838 2208 vos

1049 2232 1100 2266 ipsi
1124 2231 1194 2258 circa
1218 2230 1321 2258 virtutis
1348 2229 1565 2256 exercitationem
1589 2228 1662 2255 eritis
1683 2227 1837 2254 alacriores.

1050 2276 1278 2312 Quemadmodum
1293 2276 1364 2303 enim
1380 2276 1405 2302 in
1420 2275 1539 2310 pecuniis
1551 2295 1558 2307 ,
1577 2274 1621 2309 qui
1635 2274 1701 2301 duos
1720 2273 1838 2300 lucratus

1050 2328 1092 2351 est
1105 2330 1214 2354 aureos,
1231 2321 1356 2357 proclivis
1369 2325 1410 2348 est
1421 2320 1454 2347 ad
1466 2320 1558 2347 decem
1570 2341 1577 2352 ,
1593 2323 1620 2346 et
1631 2319 1664 2346 ad
1676 2319 1766 2354 viginti
1780 2317 1837 2346 eol-

1050 2369 1171 2405 ligendos
1185 2367 1435 2404 congregandosque
1448 2375 1455 2398 ;
1471 2366 1509 2393 sic
1523 2373 1571 2393 usu
1586 2366 1657 2392 venit
1671 2371 1698 2392 et
1713 2366 1738 2392 in
1753 2365 1837 2392 virtu—

1049 2420 1076 2443 te
1092 2424 1099 2442 :
1116 2418 1160 2450 qui
1173 2414 1264 2443 fecerit
1277 2414 1374 2442 bonum
1387 2413 1490 2448 aliquod
1501 2420 1578 2448 opus,
1591 2412 1760 2446 ofﬁciumque
1772 2419 1839 2446 pra:—

1050 2461 1161 2492 stiterit,
1177 2459 1420 2488 exstimulationem
1445 2458 1505 2485 inde
1517 2458 1631 2492 aliquam
1647 2462 1692 2484 aut
1710 2457 1837 2484 exhorta-

1049 2506 1149 2534 tionem
1165 2505 1198 2533 ad
1211 2505 1341 2540 agendum
1357 2505 1454 2537 sumit,
1468 2507 1498 2530 ut
1515 2503 1566 2531 alia
1579 2511 1684 2538 quoque
1700 2503 1837 2530 benefacta

1050 2551 1228 2587 aggrediatur.
1243 2551 1277 2578 Ut
1291 2551 1370 2586 igitur
1390 2555 1416 2577 et
1430 2549 1524 2577 fratres
1548 2556 1684 2577 servemus
1694 2570 1700 2580 ,
1716 2553 1743 2575 ct
1762 2548 1839 2574 nobis

1050 2597 1153 2625 veniam
1167 2604 1215 2632 pro
1236 2597 1370 2631 peccatis,
1395 2596 1448 2623 imo
1469 2595 1556 2630 potius
1581 2595 1690 2622 multant
1714 2594 1838 2621 ﬁduciam

1051 2649 1224 2677 'eponamus,
1241 2641 1355 2676 denique
1377 2649 1500 2669 curemus
1517 2645 1543 2668 et
1567 2640 1646 2672 illud,
1662 2645 1689 2667 ut
1710 2644 1772 2666 ante
1786 2646 1839 2666 ca:-

1051 2695 1107 2716 tcra
1127 2689 1215 2715 omnia
1230 2695 1326 2715 nomen
1345 2687 1391 2714 Dei
1414 2687 1593 2722 gloriﬁcetur;
1615 2694 1675 2713 cum
1690 2685 1816 2712 uxoribus
1830 2705 1839 2717 .

1049 2735 1150 2767 liberis,
1174 2739 1201 2761 et
1215 2733 1321 2760 famulis
1344 2733 1377 2760 ad
1402 2733 1472 2760 hune
1491 2737 1615 2760 venatum
1638 2737 1664 2759 et
1686 2731 1837 2765 indaginem

1049 2781 1148 2816 egressi
1161 2802 1167 2810 ,
1181 2780 1354 2808 extrahantus
1367 2787 1382 2807 e
1401 2779 1498 2807 diaboli
1513 2779 1614 2814 laqueis
1628 2783 1719 2813 captos
1733 2777 1766 2804 ab
1780 2777 1836 2809 illo,

1049 2826 1193 2854 secundum
1209 2826 1291 2861 ipsius
1306 2826 1467 2853 voluntatem
1485 2834 1492 2852 :
1508 2832 1557 2852 nec
1569 2825 1642 2859 prius
1662 2824 1839 2856 desistamus,

1052 2880 1129 2908 quam
1143 2871 1267 2908 quidquid
1276 2878 1323 2908 per
1332 2879 1381 2899 nos
1391 2871 1510 2907 pratstari
1522 2871 1619 2906 poterit
1630 2869 1840 2905 prtrstiterimus,
