2043 3116
251 137 300 164 921

250 207 307 233 sive
321 211 444 241 pareant,
459 206 515 234 sive
525 215 577 234 non
593 213 711 242 pareant.
726 208 794 241 Quin
811 208 898 242 potius
911 208 1035 244 impossi-

251 251 306 279 bile
319 257 375 285 est,
389 257 416 280 ut
428 253 564 280 christiani
580 260 639 279 cum
653 253 723 285 sint,
736 261 788 280 non
800 258 918 287 pareant.
933 254 984 281 Sed
1000 263 1036 282 ne

251 298 292 324 vel
315 296 383 324 hanc
417 299 612 325 excusationem
638 298 776 330 habeatis,
803 299 868 326 illud
901 300 979 333 dico,
1013 301 1038 328 s'r

251 347 387 376 postquam
404 343 482 369 multa
499 343 576 370 verba
596 343 734 376 ell'uderis,
757 349 783 371 et
805 345 930 379 quidquid
950 353 996 380 per
1011 350 1036 372 te

253 388 366 416 armstari
391 389 506 422 poterit,
540 389 707 423 cxpleveris,
743 390 841 417 videris
876 391 947 417 illum
984 399 1034 418 non

249 433 449 466 obleuiperare;
466 433 587 460 adducito
601 434 633 460 ad
650 435 814 467 sacerdotes,
830 441 857 462 et
870 437 978 462 omnino
990 444 1037 471 per

252 476 297 503 Dei
311 477 421 510 gratiam
436 480 570 512 potientur
585 484 680 506 venatu
691 499 699 513 ,
717 485 853 514 totumque
869 487 940 507 tuum
965 482 1016 508 erit
1027 503 1034 514 ,

250 523 294 555 qui
312 523 383 549 illum
398 532 476 550 manu
490 524 606 551 duxeris.
619 525 681 552 llmc
696 530 723 553 et
737 527 863 553 uxoribus
876 527 925 553 viri
938 527 1016 554 dicite
1027 547 1035 558 ,

253 572 278 593 rt
293 576 389 594 uxores
403 570 465 595 viris
475 590 482 601 ,
494 575 521 596 et
536 575 622 603 patres
636 572 714 604 liliis,
729 577 756 598 et
771 572 847 598 amici
871 572 973 598 amicis.
991 573 1036 599 lli-

251 618 325 639 icant
337 613 392 640 bare
405 614 500 647 Judmi,
521 620 546 642 cl
560 616 575 642 ii
589 617 632 650 qui
649 616 724 642 nobis
739 617 844 650 quidem
853 617 985 650 conjuncti
998 618 1037 644 \i-

251 659 359 691 dentur,
375 660 421 687 sed
434 668 494 687 cttm
507 661 558 688 illis
569 662 686 688 sentiunt
695 683 701 693 ,
716 663 790 689 nobis
801 662 905 696 aliquod
919 662 1034 689 studium

250 711 319 736 esse,
335 711 367 730 ac
386 705 606 738 sollicitudinem,
623 707 835 742 vigilantiamque
852 715 897 741 pro
911 707 1036 734 fratribus

600 150 629 168 δ.
647 141 787 168 ῑῙῦΛΝΝΙΞ
807 140 1042 170 CHRYSOSTOMI
1059 143 1216 171 .AllClilliP.
1237 144 1501 174 CONSTANTINOP.

1819 153 1875 180 9:18

1087 211 1184 239 nostris
1200 211 1233 239 ad
1254 212 1313 240 illos
1338 213 1406 240 ultro
1420 213 1596 241 currentibus.
1622 215 1655 242 Et
1678 215 1785 244 omnino
1809 222 1887 245 auter

1089 263 1137 282 nos
1150 256 1210 283 illos
1221 257 1364 291 corrigent,
1376 258 1431 293 qui,
1442 266 1501 285 cum
1514 263 1610 287 nostra:
1623 260 1794 295 professionis
1806 263 1875 295 sint.

1087 306 1174 328 tamen
1190 302 1235 328 illo
1248 308 1408 330 commeant.
1425 303 1491 337 Quin
1513 305 1598 338 potius
1614 313 1692 332 nemo
1707 306 1817 341 posthac
1825 315 1878 334 au-

1087 354 1166 374 surus
1183 352 1223 374 est
1238 348 1271 374 ad
1285 348 1343 375 illos
1365 349 1506 384 confugere
1519 370 1526 382 ,
1542 350 1588 377 sed
1602 351 1652 377 erit
1667 358 1763 384 corpus
1778 352 1877 380 Eccle-

1087 391 1133 418 siae.
1149 400 1253 426 purum.
1267 393 1336 420 Dens
1350 398 1439 420 autem
1453 395 1497 429 qui
1511 395 1565 421 vult
1578 403 1670 422 omnes
1681 395 1803 423 homines
1815 397 1873 424 ﬁeri

1087 437 1173 464 salvos
1184 458 1191 470 ,
1205 443 1232 466 et
1245 438 1278 465 ad
1292 440 1452 474 agnitionem
1474 441 1592 468 veritatis
1608 442 1713 475 venire,
1728 447 1755 469 et
1775 450 1822 470 vos
1841 443 1886 470 ad’

1088 483 1166 509 istum
1186 488 1310 511 venatum
1335 486 1506 518 corroboret,
1529 491 1555 513 et
1579 487 1638 514 illos
1658 487 1691 514 ab
1715 487 1767 515 hoc
1783 496 1888 515 errore

1089 529 1196 556 liberet.
1219 529 1336 565 Denique
1357 537 1466 559 cttnctos
1487 531 1521 558 ad
1545 533 1655 559 salutem
1678 538 1814 560 revocatos
1831 534 1876 559 di-

1088 582 1153 609 gnos
1167 575 1260 602 reddat
1273 577 1399 604 caalorum
1417 585 1499 612 regno
1509 598 1516 610 ,
1540 578 1565 605 in
1580 579 1689 613 gloriam
1705 586 1779 606 suam
1792 599 1799 610 ,
1812 579 1884 613 quia-

1088 621 1138 656 ipsi
1148 622 1274 649 convenit
1286 622 1368 658 gloria
1383 627 1410 650 et
1423 624 1539 658 potentia
1553 624 1578 651 in
1592 625 1688 652 srecula
1703 625 1874 652 saeculorum.

1089 667 1187 694 Amen.

256 783 1874 796 Ἢ

715 830 1035 887 CONTRA
1065 833 1104 885 J
1112 833 1406 887 U'DAEOS.

525 1003 621 1022 ORATIO
641 1003 756 1023 OCTAVA.

287 1072 310 1099 1.
323 1071 588 1106 Prtclcrlitjejunium
604 1072 766 1105 .ludmornm,
782 1073 835 1100 imo
849 1074 936 1107 potius
950 1074 1038 1101 ebrie-

250 1117 461 1144 tasJudacorum.
477 1117 522 1143 Est
535 1117 606 1144 enim
622 1121 649 1144 et
662 1117 760 1152 absque
774 1118 835 1145 vino
849 1119 963 1146 ebrietas
975 1140 981 1152 ,
998 1124 1039 1146 est

247 1168 275 1190 et
294 1163 319 1190 in
335 1163 477 1190 sobrietate
500 1163 644 1190 temulenta
664 1163 848 1198 lusuriosaque
868 1166 1035 1192 comessatio.

248 1208 324 1241 Quod
344 1208 366 1235 si
382 1214 460 1235 nemo
479 1212 569 1242 posset
588 1208 688 1243 absque
708 1209 768 1235 vino
789 1210 946 1237 temulentus
965 1218 1035 1244 esse,

251 1262 416 1289 nequaquam
430 1254 556 1289 propheta
572 1253 673 1281 diceret
688 1263 694 1280 :
716 1253 758 1281 νω
780 1255 810 1281 iis
829 1255 871 1289 qui
887 1255 948 1281 ebrii
966 1261 1034 1288 sunt,

248 1305 328 1327 etnon
337 1300 414 1326 avina
427 1299 502 1336 (Isai.
516 1300 560 1327 29.
572 1300 611 1334 9).
621 1300 649 1328 Si
662 1308 712 1327 non
725 1305 794 1327 esset
808 1300 864 1327 sine
874 1301 933 1328 vinu
949 1301 1036 1328 ebrie-

249 1351 299 1377 tas,
310 1354 362 1374 non
376 1346 486 1374 dixisset
500 1347 614 1374 Paulus;
628 1346 715 1374 Nolite
729 1347 846 1374 inebriari
863 1348 921 1375 vina
933 1348 1034 1383 (Tum.

249 1391 276 1417 ii.
293 1392 349 1427 l8).
363 1391 427 1418 Nam
443 1399 474 1418 ac
493 1392 516 1419 si
539 1392 621 1426 possit
635 1393 733 1427 absque
748 1393 808 1420 vino
823 1393 882 1427 quis
898 1394 1034 1426 inebriari,

247 1437 314 1464 dixit
328 1445 335 1464 τ
351 1437 437 1464 Nolite
452 1438 570 1464 inebriari
585 1439 651 1465 uina.
668 1439 714 1466 Est
733 1440 803 1466 enim
824 1440 939 1467 ebrietas
961 1444 990 1468 et
1009 1440 1035 1467 in

248 1483 285 1510 ira
302 1483 367 1510 etin
383 1484 496 1511 absurda
510 1485 734 1519 concupiscentia,
753 1490 779 1512 et
793 1485 818 1512 in
834 1486 952 1517 avaritia,
967 1490 994 1512 et
1009 1486 1035 1512 in

248 1537 339 1556 amore
353 1530 443 1564 glori:e
454 1549 461 1561 ,
477 1529 589 1564 denique
607 1530 633 1556 in
648 1529 706 1556 aliis
723 1530 869 1557 innumeris
887 1530 1033 1558 aﬂ'ectibus.

248 1574 369 1601 Ebrietas
381 1575 452 1601 enim
467 1575 530 1601 nihil
544 1575 613 1602 aliud
629 1579 679 1608 est,
697 1583 775 1610 quam
792 1575 920 1602 excidisse
933 1583 947 1602 a
962 1581 1034 1603 recta

248 1619 359 1650 ratione,
375 1617 548 1654 deliratioque
558 1625 586 1647 et
598 1628 668 1647 sanae
683 1621 778 1647 mentis
792 1621 915 1655 privatio.

282 1663 434 1691 Ebrietatmt
447 1673 497 1691 non
510 1666 594 1692 vinum
606 1666 780 1698 solummodo,
799 1667 843 1693 sed
859 1673 882 1693 et
901 1667 946 1693 alii
964 1668 1034 1701 pravi

246 1709 352 1742 olfactu:
376 1711 489 1743 pariunt.
508 1725 544 1731 --
565 1711 622 1738 Non
647 1711 733 1738 solum
757 1712 834 1746 igitur
855 1712 898 1746 qui
923 1713 1033 1739 nmltum

246 1756 369 1782 exhaurit
389 1764 490 1783 merum
501 1778 509 1790 ,
525 1765 615 1784 verum
629 1758 708 1784 etiam
729 1758 771 1792 qui
787 1759 867 1784 alium
883 1759 1033 1793 quempiam

246 1802 366 1829 morbum
378 1803 424 1830 alit
434 1803 459 1830 in
470 1803 569 1836 animo,
582 1803 753 1830 vehementer
763 1804 853 1831 ebrius
865 1811 924 1831 esse
932 1804 1034 1838 judica-

246 1847 326 1874 hitur.
343 1848 446 1875 Etenim
460 1849 502 1883 qui
516 1849 634 1876 mulieris
647 1849 740 1876 aliena:
754 1854 857 1877 tenetur
871 1858 972 1883 amore,
988 1851 1033 1885 qui

245 1893 339 1920 sumi-tis
349 1899 434 1927 vacat,
450 1894 540 1921 ebrius
553 1898 603 1921 est.
618 1895 650 1921 Et
661 1895 729 1922 sicut
743 1895 776 1927 is,
792 1896 836 1930 qui
853 1896 963 1922 multum
978 1896 1034 1923 ebi-

244 1938 282 1965 bit
306 1946 418 1970 mernm,
439 1943 466 1966 et
487 1944 653 1967 transversus
675 1940 769 1975 agitur,
793 1941 934 1968 illiberales
956 1949 1033 1968 voces

245 1985 367 2018 cllnndit,
387 1985 511 2020 aliudque
532 1994 580 2021 pro
601 1987 653 2014 alio
670 1987 764 2015 videt:
782 1988 821 2014 sic
842 1993 866 2015 et
890 1988 932 2016 hic
953 1989 1032 2016 veluti

245 2037 319 2057 mero
340 2031 462 2065 quopiam
482 2038 529 2057 sua
550 2031 693 2066 cupiditate
714 2033 840 2066 repletus,
862 2041 947 2068 neque
969 2041 1032 2060 sana

245 2076 344 2110 profert
362 2076 442 2103 verba
453 2097 460 2109 ,
482 2076 527 2103 sed
543 2077 667 2104 obscmna
681 2078 780 2108 omnia,
801 2078 847 2105 sed
868 2078 1031 2112 perniciosa,

243 2122 289 2149 sed
306 2121 441 2149 illiberalia
456 2122 578 2156 risusque
591 2123 681 2157 plena,
696 2123 799 2157 aliaque
815 2131 862 2156 pro
876 2123 935 2150 aliis
951 2124 1030 2156 videt,

243 2167 386 2194 czrcutiens
403 2168 436 2195 ad
454 2175 483 2195 ea
498 2175 555 2202 qua:
569 2172 722 2195 cernuntur.
735 2168 810 2201 Quod
830 2169 850 2194 si
871 2169 912 2195 cui
929 2169 1031 2196 mulieri

243 2218 363 2248 stuprum
382 2214 480 2241 inferre
497 2214 668 2249 concupiscit,
684 2213 752 2240 hanc
765 2214 860 2248 ubique
874 2214 1029 2249 imaginans,

242 2267 295 2285 non
306 2259 383 2286 aliter
394 2267 472 2293 quam
487 2264 576 2286 mente
588 2264 680 2293 captus
694 2266 725 2286 ac
738 2259 865 2292 delirans,
878 2261 903 2286 in
914 2267 1030 2288 conven-

243 2305 340 2336 ticulis,
365 2304 390 2330 in
413 2304 552 2337 conviviis,
574 2305 645 2331 omni
669 2309 797 2338 tempore,
822 2305 847 2331 in
868 2306 941 2332 onmi
961 2306 1029 2340 loco,

242 2351 293 2378 etsi
308 2352 445 2378 innumera
460 2350 596 2378 hominum
613 2351 695 2378 millia
709 2351 793 2385 ipsum
807 2352 984 2386 alloquamur,
997 2361 1031 2381 ne

241 2398 333 2425 audire
350 2397 457 2432 quidem
473 2396 587 2429 videtur,
603 2396 649 2424 sed
664 2396 696 2424 ad
713 2397 782 2424 illam
798 2402 898 2425 tantum
914 2399 1030 2426 intentus

239 2449 281 2471 est
293 2444 407 2476 animus,
419 2450 468 2470 nec
478 2442 549 2469 aliud
560 2442 683 2475 somniat,
695 2451 773 2478 quam
786 2449 936 2478 peccatum;
951 2445 1030 2472 habet

240 2494 364 2525 suspecta
376 2490 475 2521 omnia,
491 2489 584 2516 metuit
600 2490 698 2522 omnia,
715 2490 799 2518 nihilo
814 2491 908 2518 melior
920 2491 1029 2519 animali

239 2535 364 2570 perculso
391 2539 418 2561 et
443 2535 565 2562 attonito.
594 2535 759 2570 Rursusque,
782 2544 860 2571 quem
885 2541 958 2564 tenet
979 2537 1027 2570 ira,

239 2581 330 2608 ebrius
341 2585 382 2608 est
394 2589 401 2608 :
412 2581 533 2608 similiter
541 2585 569 2609 et
581 2581 642 2609 huic
652 2586 738 2617 turget
748 2582 838 2615 facies,
850 2591 901 2610 vox
913 2582 942 2610 lit
952 2590 1029 2618 aspe-

239 2627 305 2661 rior,
327 2628 395 2655 oeuli
419 2629 485 2655 liunt
506 2628 710 2662 sanguinolenti,
734 2637 810 2656 mens
829 2629 1027 2664 obtenebratur,

240 2672 378 2707 prudentia
400 2673 588 2708 submergitur,
613 2674 700 2708 lingua
726 2674 824 2706 tremit,
850 2674 921 2702 oculi
943 2674 1027 2702 intor-

237 2723 362 2753 quentur,
381 2726 460 2747 aures
480 2719 531 2746 alia
553 2726 601 2753 pro
620 2719 679 2746 aliis
696 2718 807 2746 audiunt
822 2728 829 2746 :
846 2719 968 2746 nimirum
988 2720 1026 2747 ira

238 2764 315 2799 longe
329 2765 444 2799 gravius,
454 2773 534 2800 quam
545 2765 626 2792 ullum
641 2772 744 2792 merum
758 2765 851 2797 soleat,
865 2764 1027 2799 percellente

237 2810 387 2844 cerchrnm,
406 2815 589 2845 tempestatem
611 2810 776 2843 concitante,
797 2810 1027 2845 turbationemque.

235 2863 359 2893 gvgnimte
379 2859 561 2887 insedabiICm.
576 2858 650 2892 Quod
670 2858 692 2886 si
707 2858 920 2893 concupiscentia
938 2862 966 2886 et
985 2858 1023 2885 ira

1091 1003 1228 1033 correptus
1238 999 1326 1026 ebrius
1341 1000 1376 1026 sit
1392 1009 1398 1027 τ
1414 1001 1497 1027 multo
1512 1001 1594 1036 magis
1608 1002 1688 1029 homo
1702 1002 1795 1037 impius
1808 1008 1834 1030 et
1850 1004 1889 1031 itr‘

1091 1043 1174 1071 Dcum
1189 1044 1369 1079 blasphemus,
1383 1046 1505 1081 illiusque
1520 1047 1620 1081 legibus
1636 1056 1784 1083 repugnans
1794 1071 1800 1080 ,
1817 1057 1877 1084 qm-

1090 1097 1140 1123 qne
1158 1089 1225 1116 hanc
1248 1091 1458 1124 intempestivam
1480 1093 1649 1126 pertinaciam
1666 1101 1805 1128 mnnquam
1822 1096 1879 1121 vult

1090 1133 1215 1168 cll‘ugore,
1230 1135 1318 1162 ebrius
1328 1140 1368 1162 est
1380 1136 1538 1171 itisanitque,
1551 1137 1667 1164 deterius
1677 1138 1785 1165 allectus
1797 1146 1886 1172 quam-

1091 1179 1106 1205 ii
1121 1180 1163 1214 qui
1178 1179 1330 1213 heluantnr,
1344 1182 1441 1216 quique
1461 1187 1549 1209 mente
1563 1183 1631 1217 capti
1650 1188 1710 1210 sunt.
1721 1204 1727 1215 ,
1745 1183 1803 1210 licet
1820 1184 1877 1218 ipse

1090 1224 1209 1251 morlmm
1225 1232 1301 1251 suum
1316 1233 1366 1252 non
1379 1227 1477 1253 sentire
1491 1227 1618 1254 videatur.
1636 1228 1701 1255 Nam
1722 1228 1746 1255 id
1761 1230 1885 1256 maxime~

1089 1269 1210 1295 convenit
1225 1269 1357 1304 ebrietati,
1373 1271 1452 1298 etiam
1467 1273 1539 1298 nullo
1554 1279 1633 1300 sensu
1648 1273 1714 1300 afﬁvi
1724 1295 1731 1307 ,
1746 1282 1804 1301 cum
1822 1280 1883 1301 ειη-τ

1088 1316 1157 1350 piter
1171 1317 1268 1350 agitur.
1282 1317 1509 1350 Quemadmodum
1524 1318 1602 1354 igitur
1617 1319 1679 1346 illud
1695 1325 1735 1346 est
1749 1321 1877 1354 gratissi-

1089 1370 1162 1390 mum
1180 1363 1207 1388 in
1231 1366 1320 1389 mente
1334 1363 1429 1397 captis,
1449 1363 1518 1397 quod
1533 1371 1593 1390 cum
1608 1369 1745 1399 a‘grotent,
1762 1374 1810 1392 nec
1824 1366 1883 1393 hnc‘

1088 1405 1172 1439 ipsum
1192 1406 1317 1439 sentiant,
1332 1414 1361 1433 se
1381 1415 1439 1434 esse
1451 1412 1565 1442 aegrotos
1583 1418 1589 1436 :
1605 1410 1642 1437 sic
1657 1416 1683 1437 ct
1697 1410 1780 1437 Jud:ci
1795 1419 1881 1444 nunc,

1087 1457 1147 1476 cum
1167 1450 1220 1478 sint
1232 1451 1308 1484 ebrii,
1325 1451 1349 1479 id
1364 1460 1416 1479 non
1429 1454 1546 1480 sentiunt
1561 1459 1658 1481 tamen.
1678 1455 1808 1483 Przetcriit
1828 1456 1876 1490 igi-

1088 1499 1131 1522 tur
1151 1496 1254 1523 illorum
1272 1496 1411 1531 jejunium,
1431 1499 1522 1533 quatis
1541 1499 1670 1527 ebrietate
1690 1500 1786 1528 foedius
1803 1509 1810 1528 :
1826 1510 1877 1528 nos

1087 1546 1175 1568 autem
1190 1549 1223 1569 ne
1237 1543 1402 1570 remittamus
1414 1551 1461 1579 pro
1474 1545 1598 1572 fratribus
1613 1547 1710 1573 nostris
1721 1547 1876 1574 sollicitudi-

1087 1594 1157 1619 nem,
1170 1595 1254 1623 neque
1264 1589 1375 1623 posthac
1385 1590 1569 1618 existimemus
1580 1592 1659 1619 ullam
1670 1593 1772 1620 illorum
1783 1601 1877 1620 curam

1087 1640 1145 1660 esse
1157 1633 1345 1668 importunam.
1354 1635 1405 1664 Sed
1414 1637 1647 1672 quemadmodumI
1659 1639 1756 1667 faciunt
1765 1641 1874 1674 milites,

1086 1679 1130 1705 ubi
1142 1680 1284 1707 commisso
1297 1682 1391 1715 proelio
1405 1684 1534 1710 verterint
1552 1685 1577 1710 in
1590 1685 1677 1720 fugam
1695 1685 1873 1720 adversarios,

1085 1723 1119 1750 ab
1131 1724 1303 1753 insectatione
1318 1726 1468 1760 redeuntes,
1481 1736 1534 1755 non
1546 1730 1664 1764 protinus
1675 1735 1783 1758 currunt
1795 1731 1827 1758 ad
1841 1737 1875 1759 ιςισ

1086 1769 1244 1802 bernacula;
1264 1771 1312 1798 sed
1335 1772 1407 1806 prius
1428 1773 1461 1800 ad
1482 1774 1620 1802 conﬂictus
1642 1776 1728 1803 locum
1748 1777 1875 1812 profecti,

1086 1814 1183 1842 tollunt
1196 1823 1242 1842 eos
1253 1816 1298 1851 qui
1313 1825 1345 1844 ex
1361 1818 1477 1852 ipsorum
1493 1827 1603 1847 numero
1617 1822 1678 1848 caasi
1694 1827 1765 1854 sunt.
1776 1831 1807 1850 ac
1820 1824 1878 1852 vita

1085 1862 1190 1896 quidem
1211 1863 1349 1891 defunctos
1369 1869 1437 1892 terra
1458 1867 1582 1894 occulunt
1598 1875 1604 1894 :
1620 1873 1744 1896 emterum
1767 1870 1869 1903 siquos

1086 1908 1200 1935 viderint
1219 1908 1288 1936 inter
1309 1916 1428 1938 mortuos
1447 1912 1579 1946 spirantes
1594 1913 1690 1946 adhuc,
1708 1922 1757 1941 nec
1776 1914 1874 1942 lcthalc

1085 1955 1181 1981 vulnus
1205 1955 1342 1988 habentes,
1368 1955 1400 1983 iis
1425 1957 1450 1983 in
1478 1957 1589 1984 tentoria
1618 1958 1738 1991 sublatis,
1764 1960 1873 1986 multam

1084 1999 1211 2027 adhibent
1223 2001 1399 2035 curationem,
1412 2006 1583 2037 extractaque
1597 2003 1659 2036 telo,
1672 2005 1806 2031 accersitis
1817 2012 1878 2032 me«

1084 2046 1167 2078 dicis,
1193 2046 1312 2074 absterso
1335 2048 1472 2082 sanguine,
1497 2048 1621 2075 remediis
1646 2048 1784 2082 adhibitis,
1809 2051 1873 2077 reli-

1085 2100 1189 2128 quaque
1209 2093 1280 2120 omni
1298 2093 1434 2121 curatione
1454 2094 1559 2121 admota
1579 2094 1611 2121 ad
1632 2095 1772 2122 sanitatem
1792 2095 1874 2122 redu-

1084 2144 1156 2166 cunt.
1173 2139 1206 2166 Et
1224 2147 1272 2166 nos
1295 2140 1374 2175 igitur
1393 2141 1526 2174 quoniam,
1543 2141 1687 2174 opitulante
1707 2141 1752 2168 Dei
1775 2142 1871 2176 gratia,

1084 2185 1188 2213 Judmos
1222 2187 1372 2221 persequuti
1399 2194 1491 2213 sumus
1518 2187 1627 2214 armatis
1655 2187 1780 2214 adversus
1811 2188 1872 2215 illos

1084 2232 1259 2266 undequaque
1274 2232 1418 2267 prophetis,
1437 2232 1538 2259 reversi
1554 2239 1624 2259 nunc
1638 2233 1773 2259 videamus
1783 2254 1790 2264 ,
1808 2241 1871 2260 num

1083 2279 1127 2314 qui
1142 2277 1251 2306 fratrum
1267 2283 1415 2306 nostrorum
1429 2279 1583 2312 ceciderint,
1598 2287 1659 2306 num
1672 2280 1716 2314 qui
1727 2279 1760 2306 ab
1768 2279 1872 2315 jejunio

1083 2325 1221 2358 intercepti
1238 2324 1301 2357 sint,
1319 2331 1379 2351 num
1398 2325 1440 2359 qui
1464 2324 1515 2351 illis
1531 2324 1555 2351 in
1576 2323 1643 2352 festo
1656 2325 1873 2354 communicave-

1082 2369 1153 2396 rint'!
1166 2370 1204 2396 Ac
1215 2370 1346 2397 neminem
1362 2369 1468 2405 quidem
1489 2369 1622 2396 tradamus
1641 2371 1802 2405 sepulturaz;
1821 2373 1870 2400 sed

1082 2418 1169 2450 potius
1183 2416 1300 2443 sublatos
1313 2423 1405 2443 omnes
1419 2423 1554 2444 curemus.
1569 2415 1633 2443 Nam
1647 2416 1674 2443 in
1684 2417 1801 2444 externis
1810 2418 1869 2452 qni-

1081 2463 1141 2490 dem
1155 2462 1262 2498 prtuliis,
1278 2463 1323 2497 qui
1338 2463 1419 2490 semel
1435 2462 1560 2490 ceciderit
1576 2462 1745 2497 animamque
1760 2462 1868 2495 efﬂarit,

1081 2517 1134 2537 non
1149 2514 1235 2544 potest
1245 2517 1260 2536 a
1275 2510 1358 2537 milite
1373 2510 1535 2545 recuperari,
1553 2513 1579 2537 et
1592 2509 1625 2536 ad
1640 2509 1720 2536 vitam
1734 2510 1865 2537 revocari.

1081 2555 1211 2583 Cieterum
1227 2556 1252 2582 in
1267 2555 1317 2582 hoc
1328 2555 1399 2582 bello
1411 2555 1566 2590 prielioque,
1577 2554 1655 2582 etiam
1667 2555 1688 2582 si
1699 2555 1758 2590 quis
1770 2555 1870 2582 lcthalc

1080 2601 1175 2629 vulnus
1189 2601 1329 2636 acceperit,
1347 2601 1403 2628 fieri
1417 2605 1515 2636 potest,
1528 2606 1556 2627 ut
1570 2601 1713 2627 auxiliante
1729 2601 1805 2627 nobis
1823 2600 1870 2627 De:

1079 2650 1162 2684 gratia
1178 2657 1238 2677 eum
1258 2649 1290 2676 ad
1305 2649 1386 2676 vitam
1401 2648 1569 2676 reducamus.
1586 2647 1641 2675 Non
1656 2648 1726 2674 enim
1747 2647 1804 2675 hinc
1819 2654 1870 2673 na-

1080 2701 1143 2724 tura:
1156 2702 1230 2724 mors
1242 2700 1292 2728 est,
1308 2695 1528 2730 quemadmodum
1545 2695 1598 2728 illa,
1616 2693 1664 2722 sed
1681 2693 1824 2721 voluntatis
1837 2701 1871 2721 ac

1079 2742 1216 2777 propositi.
1242 2741 1410 2770 Voluntatem
1433 2746 1520 2769 autem
1545 2744 1675 2768 mortuam
1695 2740 1757 2768 licet
1779 2740 1871 2768 denuo

1109 2832 1117 2846 ¹
1134 2834 1313 2864 Quatuor_._'ttss._.
1324 2828 1527 2864 Quemadmodwn
1538 2827 1624 2854 utilitas
1635 2828 1734 2860 Iliciunt,
1747 2825 1781 2852 ita
1790 2827 1813 2851 et
1825 2831 1873 2850 nos

1076 2861 1202 2895 (aemilius.
1217 2861 1255 2886 Illi
1266 2861 1338 2891 enim,
1349 2860 1390 2886 ubi
1400 2860 1534 2891 cumnam,
1546 2864 1593 2885 etc.
