  <div class='ocr_page' id='page_1' title='image "/cluster/home/n/w/nwhite01/storage/ocr_20150623/47-48/njp.32101077772612/898.png"; bbox 0 0 2043 3116; ppageno 0'>
   <div class='ocr_carea' id='block_1_1' title="bbox 187 136 238 166">
    <p class='ocr_par' dir='ltr' id='par_1_1' title="bbox 187 136 238 166">
     <span class='ocr_line' id='line_1_1' title="bbox 187 136 238 166; baseline 0.02 -1"><span class='ocrx_word' id='word_1_1' title='bbox 187 136 238 166; x_wconf 69' lang='lat'><strong>929</strong></span> 
     </span>
    </p>
   </div>
   <div class='ocr_carea' id='block_1_2' title="bbox 187 195 978 232">
    <p class='ocr_par' dir='ltr' id='par_1_2' title="bbox 187 195 978 232">
     <span class='ocr_line' id='line_1_2' title="bbox 187 195 978 232; baseline -0.005 -7"><span class='ocrx_word' id='word_1_2' title='bbox 187 199 325 231; x_wconf 81' lang='lat' dir='ltr'><strong>suscitare,</strong></span> <span class='ocrx_word' id='word_1_3' title='bbox 346 198 492 232; x_wconf 64' lang='lat' dir='ltr'><strong>animmque</strong></span> <span class='ocrx_word' id='word_1_4' title='bbox 508 200 618 224; x_wconf 75' lang='lat' dir='ltr'><strong>mortua:</strong></span> <span class='ocrx_word' id='word_1_5' title='bbox 639 195 800 231; x_wconf 88' lang='lat' dir='ltr'><strong>persuadere</strong></span> <span class='ocrx_word' id='word_1_6' title='bbox 818 195 889 226; x_wconf 90' lang='lat' dir='ltr'><strong>licet,</strong></span> <span class='ocrx_word' id='word_1_7' title='bbox 904 200 932 222; x_wconf 92' lang='lat' dir='ltr'><strong>ut</strong></span> <span class='ocrx_word' id='word_1_8' title='bbox 945 195 978 222; x_wconf 91' lang='lat' dir='ltr'><strong>ad</strong></span> 
     </span>
    </p>
   </div>
   <div class='ocr_carea' id='block_1_3' title="bbox 185 244 910 279">
    <p class='ocr_par' dir='ltr' id='par_1_3' title="bbox 185 244 910 279">
     <span class='ocr_line' id='line_1_3' title="bbox 185 244 910 279; baseline -0.007 -5"><span class='ocrx_word' id='word_1_9' title='bbox 185 255 260 274; x_wconf 88' lang='lat' dir='ltr'><strong>suam</strong></span> <span class='ocrx_word' id='word_1_10' title='bbox 272 247 352 274; x_wconf 88' lang='lat' dir='ltr'><strong>vitam</strong></span> <span class='ocrx_word' id='word_1_11' title='bbox 367 246 468 278; x_wconf 89' lang='lat' dir='ltr'><strong>redeat,</strong></span> <span class='ocrx_word' id='word_1_12' title='bbox 482 252 613 278; x_wconf 83' lang='lat' dir='ltr'><strong>suumque</strong></span> <span class='ocrx_word' id='word_1_13' title='bbox 624 244 760 272; x_wconf 87' lang='lat' dir='ltr'><strong>dominum</strong></span> <span class='ocrx_word' id='word_1_14' title='bbox 775 248 910 279; x_wconf 75' lang='lat' dir='ltr'><strong>agnoscat.</strong></span> 
     </span>
    </p>
   </div>
   <div class='ocr_carea' id='block_1_4' title="bbox 221 289 977 327">
    <p class='ocr_par' dir='ltr' id='par_1_4' title="bbox 221 289 977 327">
     <span class='ocr_line' id='line_1_4' title="bbox 221 289 977 327; baseline -0.004 -8"><span class='ocrx_word' id='word_1_15' title='bbox 221 292 248 319; x_wconf 74' lang='grc'><strong>2.</strong></span> <span class='ocrx_word' id='word_1_16' title='bbox 271 293 357 327; x_wconf 84' lang='lat' dir='ltr'><strong>Agite,</strong></span> <span class='ocrx_word' id='word_1_17' title='bbox 379 299 413 318; x_wconf 90' lang='lat' dir='ltr'><strong>ne</strong></span> <span class='ocrx_word' id='word_1_18' title='bbox 430 291 612 325; x_wconf 84' lang='lat' dir='ltr'><strong>defatigemur,</strong></span> <span class='ocrx_word' id='word_1_19' title='bbox 630 290 736 323; x_wconf 77' lang='lat' dir='ltr'><strong>fratres,</strong></span> <span class='ocrx_word' id='word_1_20' title='bbox 753 297 838 325; x_wconf 86' lang='lat' dir='ltr'><strong>neque</strong></span> <span class='ocrx_word' id='word_1_21' title='bbox 859 289 977 316; x_wconf 89' lang='lat' dir='ltr'><strong>delassc-</strong></span> 
     </span>
    </p>
   </div>
   <div class='ocr_carea' id='block_1_5' title="bbox 186 335 978 372">
    <p class='ocr_par' dir='ltr' id='par_1_5' title="bbox 186 335 978 372">
     <span class='ocr_line' id='line_1_5' title="bbox 186 335 978 372; baseline -0.004 -8"><span class='ocrx_word' id='word_1_22' title='bbox 186 346 256 370; x_wconf 90' lang='lat' dir='ltr'><strong>mur,</strong></span> <span class='ocrx_word' id='word_1_23' title='bbox 278 345 363 372; x_wconf 87' lang='lat' dir='ltr'><strong>neque</strong></span> <span class='ocrx_word' id='word_1_24' title='bbox 382 337 478 364; x_wconf 91' lang='lat' dir='ltr'><strong>animis</strong></span> <span class='ocrx_word' id='word_1_25' title='bbox 497 336 634 368; x_wconf 81' lang='lat' dir='ltr'><strong>cadamus,</strong></span> <span class='ocrx_word' id='word_1_26' title='bbox 653 343 738 371; x_wconf 89' lang='lat' dir='ltr'><strong>neque</strong></span> <span class='ocrx_word' id='word_1_27' title='bbox 755 336 893 370; x_wconf 83' lang='lat' dir='ltr'><strong>quisquam</strong></span> <span class='ocrx_word' id='word_1_28' title='bbox 914 335 978 362; x_wconf 92' lang='lat' dir='ltr'><strong>mihi</strong></span> 
     </span>
    </p>
   </div>
   <div class='ocr_carea' id='block_1_6' title="bbox 183 381 977 418">
    <p class='ocr_par' dir='ltr' id='par_1_6' title="bbox 183 381 977 418">
     <span class='ocr_line' id='line_1_6' title="bbox 183 381 977 418; baseline -0.004 -8"><span class='ocrx_word' id='word_1_29' title='bbox 183 384 266 411; x_wconf 85' lang='lat' dir='ltr'><strong>verba</strong></span> <span class='ocrx_word' id='word_1_30' title='bbox 282 383 325 409; x_wconf 92' lang='lat' dir='ltr'><strong>illa</strong></span> <span class='ocrx_word' id='word_1_31' title='bbox 336 382 501 418; x_wconf 87' lang='lat' dir='ltr'><strong>dicat,-quod</strong></span> <span class='ocrx_word' id='word_1_32' title='bbox 514 386 575 409; x_wconf 94' lang='lat' dir='ltr'><strong>ante</strong></span> <span class='ocrx_word' id='word_1_33' title='bbox 585 382 715 417; x_wconf 83' lang='lat' dir='ltr'><strong>jejunium</strong></span> <span class='ocrx_word' id='word_1_34' title='bbox 727 381 780 408; x_wconf 86' lang='lat' dir='ltr'><strong>illis</strong></span> <span class='ocrx_word' id='word_1_35' title='bbox 791 388 886 408; x_wconf 89' lang='lat' dir='ltr'><strong>cavere</strong></span> <span class='ocrx_word' id='word_1_36' title='bbox 896 388 977 415; x_wconf 89' lang='lat' dir='ltr'><strong>opor-</strong></span> 
     </span>
    </p>
   </div>
   <div class='ocr_carea' id='block_1_7' title="bbox 187 427 977 463">
    <p class='ocr_par' dir='ltr' id='par_1_7' title="bbox 187 427 977 463">
     <span class='ocr_line' id='line_1_7' title="bbox 187 427 977 463; baseline -0.004 -8"><span class='ocrx_word' id='word_1_37' title='bbox 187 429 276 461; x_wconf 88' lang='lat' dir='ltr'><strong>tuerit,</strong></span> <span class='ocrx_word' id='word_1_38' title='bbox 291 436 450 463; x_wconf 90' lang='lat' dir='ltr'><strong>omnemque</strong></span> <span class='ocrx_word' id='word_1_39' title='bbox 464 435 572 456; x_wconf 85' lang='lat' dir='ltr'><strong>movere</strong></span> <span class='ocrx_word' id='word_1_40' title='bbox 587 427 702 462; x_wconf 87' lang='lat' dir='ltr'><strong>lapidem</strong></span> <span class='ocrx_word' id='word_1_41' title='bbox 719 436 725 454; x_wconf 94' lang='lat'>:</span> <span class='ocrx_word' id='word_1_42' title='bbox 743 434 814 454; x_wconf 90' lang='lat' dir='ltr'><strong>nunc</strong></span> <span class='ocrx_word' id='word_1_43' title='bbox 826 434 889 454; x_wconf 89' lang='lat' dir='ltr'><strong>vero</strong></span> <span class='ocrx_word' id='word_1_44' title='bbox 903 430 977 461; x_wconf 82' lang='lat' dir='ltr'><strong>post-</strong></span> 
     </span>
    </p>
   </div>
   <div class='ocr_carea' id='block_1_8' title="bbox 186 472 977 510">
    <p class='ocr_par' dir='ltr' id='par_1_8' title="bbox 186 472 977 510">
     <span class='ocr_line' id='line_1_8' title="bbox 186 472 977 510; baseline -0.004 -8"><span class='ocrx_word' id='word_1_45' title='bbox 186 483 264 510; x_wconf 89' lang='lat' dir='ltr'><strong>quam</strong></span> <span class='ocrx_word' id='word_1_46' title='bbox 277 475 423 510; x_wconf 89' lang='lat' dir='ltr'><strong>jejunatum</strong></span> <span class='ocrx_word' id='word_1_47' title='bbox 442 479 493 507; x_wconf 89' lang='lat' dir='ltr'><strong>est,</strong></span> <span class='ocrx_word' id='word_1_48' title='bbox 514 478 654 510; x_wconf 73' lang='lat' dir='ltr'><strong>postquam</strong></span> <span class='ocrx_word' id='word_1_49' title='bbox 673 477 810 508; x_wconf 88' lang='lat' dir='ltr'><strong>peccatum</strong></span> <span class='ocrx_word' id='word_1_50' title='bbox 832 472 977 500; x_wconf 90' lang='lat' dir='ltr'><strong>admissum</strong></span> 
     </span>
    </p>
   </div>
   <div class='ocr_carea' id='block_1_9' title="bbox 185 520 978 555">
    <p class='ocr_par' dir='ltr' id='par_1_9' title="bbox 185 520 978 555">
     <span class='ocr_line' id='line_1_9' title="bbox 185 520 978 555; baseline -0.003 -8"><span class='ocrx_word' id='word_1_51' title='bbox 185 525 236 554; x_wconf 87' lang='lat' dir='ltr'><strong>est,</strong></span> <span class='ocrx_word' id='word_1_52' title='bbox 249 525 389 555; x_wconf 79' lang='lat' dir='ltr'><strong>postquam</strong></span> <span class='ocrx_word' id='word_1_53' title='bbox 409 520 533 555; x_wconf 85' lang='lat' dir='ltr'><strong>iniquitas</strong></span> <span class='ocrx_word' id='word_1_54' title='bbox 551 523 733 548; x_wconf 88' lang='lat' dir='ltr'><strong>consummata</strong></span> <span class='ocrx_word' id='word_1_55' title='bbox 749 523 799 551; x_wconf 87' lang='lat' dir='ltr'><strong>est,</strong></span> <span class='ocrx_word' id='word_1_56' title='bbox 813 526 872 553; x_wconf 79' lang='lat' dir='ltr'><strong>quac</strong></span> <span class='ocrx_word' id='word_1_57' title='bbox 885 525 978 553; x_wconf 87' lang='lat' dir='ltr'><strong>super-</strong></span> 
     </span>
    </p>
   </div>
   <div class='ocr_carea' id='block_1_10' title="bbox 184 566 354 593">
    <p class='ocr_par' dir='ltr' id='par_1_10' title="bbox 184 566 354 593">
     <span class='ocr_line' id='line_1_10' title="bbox 184 566 354 593; baseline 0 -1"><span class='ocrx_word' id='word_1_58' title='bbox 184 570 225 593; x_wconf 87' lang='lat' dir='ltr'><strong>est</strong></span> <span class='ocrx_word' id='word_1_59' title='bbox 240 566 354 593; x_wconf 85' lang='lat' dir='ltr'><strong>utilitas?</strong></span> 
     </span>
    </p>
   </div>
   <div class='ocr_carea' id='block_1_11' title="bbox 220 609 979 649">
    <p class='ocr_par' dir='ltr' id='par_1_11' title="bbox 220 609 979 649">
     <span class='ocr_line' id='line_1_11' title="bbox 220 609 979 649; baseline 0 -12"><span class='ocrx_word' id='word_1_60' title='bbox 220 610 341 638; x_wconf 83' lang='lat' dir='ltr'><strong>Fratrum</strong></span> <span class='ocrx_word' id='word_1_61' title='bbox 369 611 444 649; x_wconf 75' lang='lat' dir='ltr'><strong>salqu</strong></span> <span class='ocrx_word' id='word_1_62' title='bbox 469 611 661 638; x_wconf 82' lang='lat' dir='ltr'><strong>consulendum.</strong></span> <span class='ocrx_word' id='word_1_63' title='bbox 684 625 719 630; x_wconf 86' lang='lat'><strong>~—</strong></span> <span class='ocrx_word' id='word_1_64' title='bbox 741 610 846 637; x_wconf 78' lang='lat' dir='ltr'><strong>Etenim</strong></span> <span class='ocrx_word' id='word_1_65' title='bbox 872 609 893 637; x_wconf 87' lang='lat' dir='ltr'><strong>si</strong></span> <span class='ocrx_word' id='word_1_66' title='bbox 920 610 979 644; x_wconf 87' lang='lat' dir='ltr'><strong>quis</strong></span> 
     </span>
    </p>
   </div>
   <div class='ocr_carea' id='block_1_12' title="bbox 186 657 977 692">
    <p class='ocr_par' dir='ltr' id='par_1_12' title="bbox 186 657 977 692">
     <span class='ocr_line' id='line_1_12' title="bbox 186 657 977 692; baseline 0 -8"><span class='ocrx_word' id='word_1_67' title='bbox 186 658 270 689; x_wconf 86' lang='lat' dir='ltr'><strong>novit,</strong></span> <span class='ocrx_word' id='word_1_68' title='bbox 288 657 351 692; x_wconf 91' lang='lat' dir='ltr'><strong>quid</strong></span> <span class='ocrx_word' id='word_1_69' title='bbox 365 658 401 685; x_wconf 86' lang='lat' dir='ltr'><strong>sit</strong></span> <span class='ocrx_word' id='word_1_70' title='bbox 416 658 491 685; x_wconf 78' lang='lat' dir='ltr'><strong>fratri</strong></span> <span class='ocrx_word' id='word_1_71' title='bbox 503 658 658 690; x_wconf 70' lang='lat' dir='ltr'><strong>‘consulere,</strong></span> <span class='ocrx_word' id='word_1_72' title='bbox 675 657 747 684; x_wconf 93' lang='lat' dir='ltr'><strong>novit</strong></span> <span class='ocrx_word' id='word_1_73' title='bbox 763 661 789 684; x_wconf 87' lang='lat' dir='ltr'><strong>et</strong></span> <span class='ocrx_word' id='word_1_74' title='bbox 809 657 888 689; x_wconf 90' lang='lat' dir='ltr'><strong>illud,</strong></span> <span class='ocrx_word' id='word_1_75' title='bbox 905 657 977 691; x_wconf 88' lang='lat' dir='ltr'><strong>quod</strong></span> 
     </span>
    </p>
   </div>
   <div class='ocr_carea' id='block_1_13' title="bbox 186 703 978 738">
    <p class='ocr_par' dir='ltr' id='par_1_13' title="bbox 186 703 978 738">
     <span class='ocr_line' id='line_1_13' title="bbox 186 703 978 738; baseline -0.001 -8"><span class='ocrx_word' id='word_1_76' title='bbox 186 710 257 730; x_wconf 92' lang='lat' dir='ltr'><strong>nunc</strong></span> <span class='ocrx_word' id='word_1_77' title='bbox 277 703 442 738; x_wconf 89' lang='lat' dir='ltr'><strong>potissimum</strong></span> <span class='ocrx_word' id='word_1_78' title='bbox 461 707 581 738; x_wconf 90' lang='lat' dir='ltr'><strong>oporteat</strong></span> <span class='ocrx_word' id='word_1_79' title='bbox 600 703 744 730; x_wconf 75' lang='lat' dir='ltr'><strong>admovere</strong></span> <span class='ocrx_word' id='word_1_80' title='bbox 764 710 867 735; x_wconf 89' lang='lat' dir='ltr'><strong>manus,</strong></span> <span class='ocrx_word' id='word_1_81' title='bbox 884 710 978 729; x_wconf 91' lang='lat' dir='ltr'><strong>onme-</strong></span> 
     </span>
    </p>
   </div>
   <div class='ocr_carea' id='block_1_14' title="bbox 185 749 979 784">
    <p class='ocr_par' dir='ltr' id='par_1_14' title="bbox 185 749 979 784">
     <span class='ocr_line' id='line_1_14' title="bbox 185 749 979 784; baseline 0 -9"><span class='ocrx_word' id='word_1_82' title='bbox 185 757 237 783; x_wconf 85' lang='lat' dir='ltr'><strong>que</strong></span> <span class='ocrx_word' id='word_1_83' title='bbox 259 749 374 777; x_wconf 87' lang='lat' dir='ltr'><strong>studium</strong></span> <span class='ocrx_word' id='word_1_84' title='bbox 399 750 563 784; x_wconf 89' lang='lat' dir='ltr'><strong>impendere.</strong></span> <span class='ocrx_word' id='word_1_85' title='bbox 584 749 676 784; x_wconf 82' lang='lat' dir='ltr'><strong>Neque</strong></span> <span class='ocrx_word' id='word_1_86' title='bbox 697 749 769 776; x_wconf 83' lang='lat' dir='ltr'><strong>enim</strong></span> <span class='ocrx_word' id='word_1_87' title='bbox 794 753 894 776; x_wconf 90' lang='lat' dir='ltr'><strong>tantum</strong></span> <span class='ocrx_word' id='word_1_88' title='bbox 918 753 979 776; x_wconf 91' lang='lat' dir='ltr'><strong>ante</strong></span> 
     </span>
    </p>
   </div>
   <div class='ocr_carea' id='block_1_15' title="bbox 186 795 977 828">
    <p class='ocr_par' dir='ltr' id='par_1_15' title="bbox 186 795 977 828">
     <span class='ocr_line' id='line_1_15' title="bbox 186 795 977 828; baseline 0.001 -8"><span class='ocrx_word' id='word_1_89' title='bbox 186 799 322 828; x_wconf 86' lang='lat' dir='ltr'><strong>peccatum</strong></span> <span class='ocrx_word' id='word_1_90' title='bbox 345 795 491 822; x_wconf 90' lang='lat' dir='ltr'><strong>admissum</strong></span> <span class='ocrx_word' id='word_1_91' title='bbox 514 795 638 822; x_wconf 88' lang='lat' dir='ltr'><strong>convenit</strong></span> <span class='ocrx_word' id='word_1_92' title='bbox 662 795 751 822; x_wconf 79' lang='lat' dir='ltr'><strong>fratris</strong></span> <span class='ocrx_word' id='word_1_93' title='bbox 772 795 849 821; x_wconf 85' lang='lat' dir='ltr'><strong>saluti</strong></span> <span class='ocrx_word' id='word_1_94' title='bbox 873 802 977 826; x_wconf 88' lang='lat' dir='ltr'><strong>cavere,</strong></span> 
     </span>
    </p>
   </div>
   <div class='ocr_carea' id='block_1_16' title="bbox 187 839 977 875">
    <p class='ocr_par' dir='ltr' id='par_1_16' title="bbox 187 839 977 875">
     <span class='ocr_line' id='line_1_16' title="bbox 187 839 977 875; baseline 0 -9"><span class='ocrx_word' id='word_1_95' title='bbox 187 848 278 867; x_wconf 84' lang='lat' dir='ltr'><strong>verum</strong></span> <span class='ocrx_word' id='word_1_96' title='bbox 293 845 319 868; x_wconf 92' lang='lat' dir='ltr'><strong>et</strong></span> <span class='ocrx_word' id='word_1_97' title='bbox 334 845 394 875; x_wconf 87' lang='lat' dir='ltr'><strong>post</strong></span> <span class='ocrx_word' id='word_1_98' title='bbox 414 841 516 875; x_wconf 86' lang='lat' dir='ltr'><strong>lapsum</strong></span> <span class='ocrx_word' id='word_1_99' title='bbox 536 848 630 867; x_wconf 91' lang='lat' dir='ltr'><strong>manus</strong></span> <span class='ocrx_word' id='word_1_100' title='bbox 652 839 819 874; x_wconf 65' lang='lat' dir='ltr'><strong>porrigenda:</strong></span> <span class='ocrx_word' id='word_1_101' title='bbox 842 844 912 866; x_wconf 90' lang='lat' dir='ltr'><strong>sunt.</strong></span> <span class='ocrx_word' id='word_1_102' title='bbox 930 839 977 866; x_wconf 87' lang='lat' dir='ltr'><strong>Et-</strong></span> 
     </span>
    </p>
   </div>
   <div class='ocr_carea' id='block_1_17' title="bbox 186 885 978 920">
    <p class='ocr_par' dir='ltr' id='par_1_17' title="bbox 186 885 978 920">
     <span class='ocr_line' id='line_1_17' title="bbox 186 885 978 920; baseline 0 -8"><span class='ocrx_word' id='word_1_103' title='bbox 186 886 260 913; x_wconf 80' lang='lat' dir='ltr'><strong>enim</strong></span> <span class='ocrx_word' id='word_1_104' title='bbox 273 887 296 914; x_wconf 93' lang='lat' dir='ltr'><strong>si</strong></span> <span class='ocrx_word' id='word_1_105' title='bbox 309 887 377 913; x_wconf 77' lang='lat' dir='ltr'><strong>Deus</strong></span> <span class='ocrx_word' id='word_1_106' title='bbox 391 887 424 913; x_wconf 87' lang='lat' dir='ltr'><strong>ab</strong></span> <span class='ocrx_word' id='word_1_107' title='bbox 440 886 514 914; x_wconf 88' lang='lat' dir='ltr'><strong>initio</strong></span> <span class='ocrx_word' id='word_1_108' title='bbox 525 886 631 913; x_wconf 87' lang='lat' dir='ltr'><strong>fecisset</strong></span> <span class='ocrx_word' id='word_1_109' title='bbox 644 885 722 918; x_wconf 85' lang='lat' dir='ltr'><strong>istud,</strong></span> <span class='ocrx_word' id='word_1_110' title='bbox 739 889 892 920; x_wconf 89' lang='lat' dir='ltr'><strong>tantumque</strong></span> <span class='ocrx_word' id='word_1_111' title='bbox 903 885 978 912; x_wconf 88' lang='lat' dir='ltr'><strong>nobis</strong></span> 
     </span>
    </p>
   </div>
   <div class='ocr_carea' id='block_1_18' title="bbox 185 932 979 967">
    <p class='ocr_par' dir='ltr' id='par_1_18' title="bbox 185 932 979 967">
     <span class='ocr_line' id='line_1_18' title="bbox 185 932 979 967; baseline -0.001 -8"><span class='ocrx_word' id='word_1_112' title='bbox 185 932 360 960; x_wconf 84' lang='lat' dir='ltr'><strong>consuluisset</strong></span> <span class='ocrx_word' id='word_1_113' title='bbox 372 936 433 959; x_wconf 91' lang='lat' dir='ltr'><strong>ante</strong></span> <span class='ocrx_word' id='word_1_114' title='bbox 446 936 595 967; x_wconf 87' lang='lat' dir='ltr'><strong>peccatum,</strong></span> <span class='ocrx_word' id='word_1_115' title='bbox 608 935 668 967; x_wconf 92' lang='lat' dir='ltr'><strong>post</strong></span> <span class='ocrx_word' id='word_1_116' title='bbox 680 936 817 966; x_wconf 90' lang='lat' dir='ltr'><strong>peccatum</strong></span> <span class='ocrx_word' id='word_1_117' title='bbox 830 937 917 959; x_wconf 83' lang='lat' dir='ltr'><strong>autem</strong></span> <span class='ocrx_word' id='word_1_118' title='bbox 932 939 979 958; x_wconf 80' lang='lat' dir='ltr'><strong>ne-</strong></span> 
     </span>
    </p>
   </div>
   <div class='ocr_carea' id='block_1_19' title="bbox 185 977 978 1013">
    <p class='ocr_par' dir='ltr' id='par_1_19' title="bbox 185 977 978 1013">
     <span class='ocr_line' id='line_1_19' title="bbox 185 977 978 1013; baseline 0 -9"><span class='ocrx_word' id='word_1_119' title='bbox 185 977 310 1012; x_wconf 84' lang='lat' dir='ltr'><strong>glexisset</strong></span> <span class='ocrx_word' id='word_1_120' title='bbox 339 979 484 1010; x_wconf 78' lang='lat' dir='ltr'><strong>hominem.</strong></span> <span class='ocrx_word' id='word_1_121' title='bbox 509 985 656 1013; x_wconf 81' lang='lat' dir='ltr'><strong>passusque</strong></span> <span class='ocrx_word' id='word_1_122' title='bbox 682 978 775 1005; x_wconf 74' lang='lat' dir='ltr'><strong>fuisset</strong></span> <span class='ocrx_word' id='word_1_123' title='bbox 801 982 928 1012; x_wconf 88' lang='lat' dir='ltr'><strong>perpetua</strong></span> <span class='ocrx_word' id='word_1_124' title='bbox 951 978 978 1004; x_wconf 93' lang='lat' dir='ltr'><strong>in</strong></span> 
     </span>
    </p>
   </div>
   <div class='ocr_carea' id='block_1_20' title="bbox 185 1024 978 1058">
    <p class='ocr_par' dir='ltr' id='par_1_20' title="bbox 185 1024 978 1058">
     <span class='ocr_line' id='line_1_20' title="bbox 185 1024 978 1058; baseline 0 -8"><span class='ocrx_word' id='word_1_125' title='bbox 185 1024 260 1050; x_wconf 89' lang='lat' dir='ltr'><strong>rttina</strong></span> <span class='ocrx_word' id='word_1_126' title='bbox 273 1024 372 1058; x_wconf 83' lang='lat' dir='ltr'><strong>jacere,</strong></span> <span class='ocrx_word' id='word_1_127' title='bbox 390 1024 477 1051; x_wconf 89' lang='lat' dir='ltr'><strong>nullus</strong></span> <span class='ocrx_word' id='word_1_128' title='bbox 493 1031 578 1058; x_wconf 87' lang='lat' dir='ltr'><strong>neque</strong></span> <span class='ocrx_word' id='word_1_129' title='bbox 591 1029 712 1051; x_wconf 90' lang='lat' dir='ltr'><strong>nostrum</strong></span> <span class='ocrx_word' id='word_1_130' title='bbox 727 1031 853 1058; x_wconf 83' lang='lat' dir='ltr'><strong>umquam</strong></span> <span class='ocrx_word' id='word_1_131' title='bbox 865 1024 978 1051; x_wconf 91' lang='lat' dir='ltr'><strong>salutem</strong></span> 
     </span>
    </p>
   </div>
   <div class='ocr_carea' id='block_1_21' title="bbox 185 1068 976 1104">
    <p class='ocr_par' dir='ltr' id='par_1_21' title="bbox 185 1068 976 1104">
     <span class='ocr_line' id='line_1_21' title="bbox 185 1068 976 1104; baseline 0 -8"><span class='ocrx_word' id='word_1_132' title='bbox 185 1069 280 1096; x_wconf 88' lang='lat' dir='ltr'><strong>fuisset</strong></span> <span class='ocrx_word' id='word_1_133' title='bbox 302 1074 491 1104; x_wconf 56' lang='lat' dir='ltr'><strong>consequutus.</strong></span> <span class='ocrx_word' id='word_1_134' title='bbox 517 1069 616 1096; x_wconf 85' lang='lat' dir='ltr'><strong>Verum</strong></span> <span class='ocrx_word' id='word_1_135' title='bbox 645 1069 695 1096; x_wconf 87' lang='lat' dir='ltr'><strong>hoc</strong></span> <span class='ocrx_word' id='word_1_136' title='bbox 721 1076 774 1096; x_wconf 91' lang='lat' dir='ltr'><strong>non</strong></span> <span class='ocrx_word' id='word_1_137' title='bbox 799 1068 862 1096; x_wconf 85' lang='lat' dir='ltr'><strong>facit</strong></span> <span class='ocrx_word' id='word_1_138' title='bbox 887 1069 976 1102; x_wconf 88' lang='lat' dir='ltr'><strong>Deus,</strong></span> 
     </span>
    </p>
   </div>
   <div class='ocr_carea' id='block_1_22' title="bbox 185 1114 979 1150">
    <p class='ocr_par' dir='ltr' id='par_1_22' title="bbox 185 1114 979 1150">
     <span class='ocr_line' id='line_1_22' title="bbox 185 1114 979 1150; baseline 0.003 -10"><span class='ocrx_word' id='word_1_139' title='bbox 185 1114 282 1149; x_wconf 87' lang='lat' dir='ltr'><strong>quippe</strong></span> <span class='ocrx_word' id='word_1_140' title='bbox 303 1122 396 1142; x_wconf 92' lang='lat' dir='ltr'><strong>amans</strong></span> <span class='ocrx_word' id='word_1_141' title='bbox 416 1115 524 1142; x_wconf 88' lang='lat' dir='ltr'><strong>humani</strong></span> <span class='ocrx_word' id='word_1_142' title='bbox 546 1115 652 1150; x_wconf 79' lang='lat' dir='ltr'><strong>generis</strong></span> <span class='ocrx_word' id='word_1_143' title='bbox 673 1122 704 1142; x_wconf 88' lang='lat' dir='ltr'><strong>ac</strong></span> <span class='ocrx_word' id='word_1_144' title='bbox 719 1115 805 1147; x_wconf 90' lang='lat' dir='ltr'><strong>mitis,</strong></span> <span class='ocrx_word' id='word_1_145' title='bbox 827 1118 979 1150; x_wconf 67' lang='lat' dir='ltr'><strong>nostraaquc</strong></span> 
     </span>
    </p>
   </div>
   <div class='ocr_carea' id='block_1_23' title="bbox 185 1160 977 1194">
    <p class='ocr_par' dir='ltr' id='par_1_23' title="bbox 185 1160 977 1194">
     <span class='ocr_line' id='line_1_23' title="bbox 185 1160 977 1194; baseline 0.001 -9"><span class='ocrx_word' id='word_1_146' title='bbox 185 1160 277 1186; x_wconf 87' lang='lat' dir='ltr'><strong>salutis</strong></span> <span class='ocrx_word' id='word_1_147' title='bbox 298 1160 496 1194; x_wconf 84' lang='lat' dir='ltr'><strong>cupidissimus.</strong></span> <span class='ocrx_word' id='word_1_148' title='bbox 518 1160 586 1193; x_wconf 84' lang='lat' dir='ltr'><strong>Quin</strong></span> <span class='ocrx_word' id='word_1_149' title='bbox 608 1164 635 1187; x_wconf 91' lang='lat' dir='ltr'><strong>et</strong></span> <span class='ocrx_word' id='word_1_150' title='bbox 657 1164 717 1194; x_wconf 90' lang='lat' dir='ltr'><strong>post</strong></span> <span class='ocrx_word' id='word_1_151' title='bbox 738 1165 844 1194; x_wconf 84' lang='lat' dir='ltr'><strong>peccata</strong></span> <span class='ocrx_word' id='word_1_152' title='bbox 868 1160 977 1187; x_wconf 92' lang='lat' dir='ltr'><strong>multam</strong></span> 
     </span>
    </p>
   </div>
   <div class='ocr_carea' id='block_1_24' title="bbox 185 1205 979 1241">
    <p class='ocr_par' dir='ltr' id='par_1_24' title="bbox 185 1205 979 1241">
     <span class='ocr_line' id='line_1_24' title="bbox 185 1205 979 1241; baseline 0 -9"><span class='ocrx_word' id='word_1_153' title='bbox 185 1210 293 1240; x_wconf 63' lang='lat' dir='ltr'><strong>praestat</strong></span> <span class='ocrx_word' id='word_1_154' title='bbox 313 1206 529 1240; x_wconf 85' lang='lat' dir='ltr'><strong>sollicitudinem,</strong></span> <span class='ocrx_word' id='word_1_155' title='bbox 550 1205 764 1241; x_wconf 90' lang='lat' dir='ltr'><strong>quandoquidem</strong></span> <span class='ocrx_word' id='word_1_156' title='bbox 779 1209 806 1232; x_wconf 92' lang='lat' dir='ltr'><strong>et</strong></span> <span class='ocrx_word' id='word_1_157' title='bbox 825 1205 890 1232; x_wconf 80' lang='lat' dir='ltr'><strong>Atla:</strong></span> <span class='ocrx_word' id='word_1_158' title='bbox 909 1205 979 1232; x_wconf 86' lang='lat' dir='ltr'><strong>cavit</strong></span> 
     </span>
    </p>
   </div>
   <div class='ocr_carea' id='block_1_25' title="bbox 184 1251 978 1286">
    <p class='ocr_par' dir='ltr' id='par_1_25' title="bbox 184 1251 978 1286">
     <span class='ocr_line' id='line_1_25' title="bbox 184 1251 978 1286; baseline -0.001 -8"><span class='ocrx_word' id='word_1_159' title='bbox 184 1255 245 1278; x_wconf 83' lang='lat' dir='ltr'><strong>ante</strong></span> <span class='ocrx_word' id='word_1_160' title='bbox 257 1256 405 1285; x_wconf 87' lang='lat' dir='ltr'><strong>peccatttm,</strong></span> <span class='ocrx_word' id='word_1_161' title='bbox 420 1251 512 1279; x_wconf 87' lang='lat' dir='ltr'><strong>dicens</strong></span> <span class='ocrx_word' id='word_1_162' title='bbox 531 1260 537 1279; x_wconf 90' lang='lat'><strong>:</strong></span> <span class='ocrx_word' id='word_1_163' title='bbox 553 1251 596 1278; x_wconf 80' lang='lat' dir='ltr'><strong>Ea;</strong></span> <span class='ocrx_word' id='word_1_164' title='bbox 606 1251 674 1278; x_wconf 87' lang='lat' dir='ltr'><strong>omni</strong></span> <span class='ocrx_word' id='word_1_165' title='bbox 689 1251 757 1286; x_wconf 84' lang='lat' dir='ltr'><strong>ligno</strong></span> <span class='ocrx_word' id='word_1_166' title='bbox 771 1251 838 1285; x_wconf 85' lang='lat' dir='ltr'><strong>quod</strong></span> <span class='ocrx_word' id='word_1_167' title='bbox 849 1256 884 1278; x_wconf 80' lang='lat' dir='ltr'><strong>est</strong></span> <span class='ocrx_word' id='word_1_168' title='bbox 897 1251 924 1277; x_wconf 84' lang='lat' dir='ltr'><strong>in</strong></span> <span class='ocrx_word' id='word_1_169' title='bbox 936 1259 978 1285; x_wconf 88' lang='lat' dir='ltr'><strong>pa-</strong></span> 
     </span>
    </p>
   </div>
   <div class='ocr_carea' id='block_1_26' title="bbox 185 1295 978 1332">
    <p class='ocr_par' dir='ltr' id='par_1_26' title="bbox 185 1295 978 1332">
     <span class='ocr_line' id='line_1_26' title="bbox 185 1295 978 1332; baseline 0 -10"><span class='ocrx_word' id='word_1_170' title='bbox 185 1297 270 1323; x_wconf 68' lang='lat' dir='ltr'><strong>radiso</strong></span> <span class='ocrx_word' id='word_1_171' title='bbox 284 1297 414 1324; x_wconf 73' lang='lat' dir='ltr'><strong>comedens</strong></span> <span class='ocrx_word' id='word_1_172' title='bbox 426 1297 540 1324; x_wconf 84' lang='lat' dir='ltr'><strong>comedes</strong></span> <span class='ocrx_word' id='word_1_173' title='bbox 550 1305 559 1329; x_wconf 86' lang='grc'><strong><em>;</em></strong></span> <span class='ocrx_word' id='word_1_174' title='bbox 572 1305 585 1324; x_wconf 88' lang='lat' dir='ltr'><strong>e</strong></span> <span class='ocrx_word' id='word_1_175' title='bbox 598 1298 666 1332; x_wconf 81' lang='lat' dir='ltr'><strong>ligno</strong></span> <span class='ocrx_word' id='word_1_176' title='bbox 684 1304 741 1323; x_wconf 81' lang='lat' dir='ltr'><strong>vero</strong></span> <span class='ocrx_word' id='word_1_177' title='bbox 758 1296 907 1332; x_wconf 78' lang='lat' dir='ltr'><strong>cognitionis</strong></span> <span class='ocrx_word' id='word_1_178' title='bbox 920 1295 978 1323; x_wconf 81' lang='lat' dir='ltr'><strong>boni</strong></span> 
     </span>
    </p>
   </div>
   <div class='ocr_carea' id='block_1_27' title="bbox 185 1341 977 1378">
    <p class='ocr_par' dir='ltr' id='par_1_27' title="bbox 185 1341 977 1378">
     <span class='ocr_line' id='line_1_27' title="bbox 185 1341 977 1378; baseline -0.001 -10"><span class='ocrx_word' id='word_1_179' title='bbox 185 1342 292 1378; x_wconf 82' lang='lat' dir='ltr'><strong>malique</strong></span> <span class='ocrx_word' id='word_1_180' title='bbox 315 1351 366 1369; x_wconf 81' lang='lat' dir='ltr'><strong>non</strong></span> <span class='ocrx_word' id='word_1_181' title='bbox 386 1343 529 1370; x_wconf 75' lang='lat' dir='ltr'><strong>comedetis.</strong></span> <span class='ocrx_word' id='word_1_182' title='bbox 543 1342 596 1370; x_wconf 82' lang='lat' dir='ltr'><strong>Sed</strong></span> <span class='ocrx_word' id='word_1_183' title='bbox 618 1350 774 1377; x_wconf 81' lang='lat' dir='ltr'><strong>quocumque</strong></span> <span class='ocrx_word' id='word_1_184' title='bbox 799 1342 839 1368; x_wconf 84' lang='lat' dir='ltr'><strong>die</strong></span> <span class='ocrx_word' id='word_1_185' title='bbox 862 1341 977 1368; x_wconf 80' lang='lat' dir='ltr'><strong>comede-</strong></span> 
     </span>
    </p>
   </div>
   <div class='ocr_carea' id='block_1_28' title="bbox 186 1386 977 1423">
    <p class='ocr_par' dir='ltr' id='par_1_28' title="bbox 186 1386 977 1423">
     <span class='ocr_line' id='line_1_28' title="bbox 186 1386 977 1423; baseline 0 -10"><span class='ocrx_word' id='word_1_186' title='bbox 186 1388 250 1420; x_wconf 82' lang='lat' dir='ltr'><strong>ritis,</strong></span> <span class='ocrx_word' id='word_1_187' title='bbox 267 1393 345 1415; x_wconf 77' lang='lat' dir='ltr'><strong>morte</strong></span> <span class='ocrx_word' id='word_1_188' title='bbox 359 1388 499 1415; x_wconf 83' lang='lat' dir='ltr'><strong>moriemini</strong></span> <span class='ocrx_word' id='word_1_189' title='bbox 515 1387 589 1423; x_wconf 79' lang='lat' dir='ltr'><strong>(Gen.</strong></span> <span class='ocrx_word' id='word_1_190' title='bbox 601 1387 626 1414; x_wconf 71' lang='grc' dir='ltr'><strong>Ξ.</strong></span> <span class='ocrx_word' id='word_1_191' title='bbox 639 1389 681 1415; x_wconf 76' lang='lat' dir='ltr'><strong>Hi.</strong></span> <span class='ocrx_word' id='word_1_192' title='bbox 699 1387 754 1422; x_wconf 77' lang='lat' dir='ltr'><strong>i7).</strong></span> <span class='ocrx_word' id='word_1_193' title='bbox 770 1387 839 1414; x_wconf 86' lang='lat' dir='ltr'><strong>Ecce</strong></span> <span class='ocrx_word' id='word_1_194' title='bbox 851 1391 879 1414; x_wconf 89' lang='lat' dir='ltr'><strong>et</strong></span> <span class='ocrx_word' id='word_1_195' title='bbox 892 1386 977 1413; x_wconf 86' lang='lat' dir='ltr'><strong>facili-</strong></span> 
     </span>
    </p>
   </div>
   <div class='ocr_carea' id='block_1_29' title="bbox 185 1433 977 1469">
    <p class='ocr_par' dir='ltr' id='par_1_29' title="bbox 185 1433 977 1469">
     <span class='ocr_line' id='line_1_29' title="bbox 185 1433 977 1469; baseline 0 -10"><span class='ocrx_word' id='word_1_196' title='bbox 185 1437 239 1460; x_wconf 90' lang='lat' dir='ltr'><strong>tate</strong></span> <span class='ocrx_word' id='word_1_197' title='bbox 261 1433 338 1468; x_wconf 78' lang='lat' dir='ltr'><strong>legis,</strong></span> <span class='ocrx_word' id='word_1_198' title='bbox 364 1438 391 1461; x_wconf 90' lang='lat' dir='ltr'><strong>et</strong></span> <span class='ocrx_word' id='word_1_199' title='bbox 415 1434 537 1469; x_wconf 77' lang='lat' dir='ltr'><strong>largitate</strong></span> <span class='ocrx_word' id='word_1_200' title='bbox 558 1441 762 1466; x_wconf 74' lang='lat' dir='ltr'><strong>concesseram,</strong></span> <span class='ocrx_word' id='word_1_201' title='bbox 781 1437 809 1460; x_wconf 92' lang='lat' dir='ltr'><strong>et</strong></span> <span class='ocrx_word' id='word_1_202' title='bbox 833 1433 977 1460; x_wconf 86' lang='lat' dir='ltr'><strong>acerbitate</strong></span> 
     </span>
    </p>
   </div>
   <div class='ocr_carea' id='block_1_30' title="bbox 184 1479 977 1514">
    <p class='ocr_par' dir='ltr' id='par_1_30' title="bbox 184 1479 977 1514">
     <span class='ocr_line' id='line_1_30' title="bbox 184 1479 977 1514; baseline 0.001 -9"><span class='ocrx_word' id='word_1_203' title='bbox 184 1479 317 1514; x_wconf 77' lang='lat' dir='ltr'><strong>supplicii,</strong></span> <span class='ocrx_word' id='word_1_204' title='bbox 343 1483 370 1507; x_wconf 93' lang='lat' dir='ltr'><strong>et</strong></span> <span class='ocrx_word' id='word_1_205' title='bbox 396 1480 453 1514; x_wconf 89' lang='lat' dir='ltr'><strong>ipsa</strong></span> <span class='ocrx_word' id='word_1_206' title='bbox 477 1480 612 1508; x_wconf 85' lang='lat' dir='ltr'><strong>celeritate</strong></span> <span class='ocrx_word' id='word_1_207' title='bbox 637 1480 744 1507; x_wconf 90' lang='lat' dir='ltr'><strong>ultionis</strong></span> <span class='ocrx_word' id='word_1_208' title='bbox 765 1479 916 1514; x_wconf 86' lang='lat' dir='ltr'><strong>prospexit,</strong></span> <span class='ocrx_word' id='word_1_209' title='bbox 943 1487 977 1506; x_wconf 89' lang='lat' dir='ltr'><strong>ne</strong></span> 
     </span>
    </p>
   </div>
   <div class='ocr_carea' id='block_1_31' title="bbox 186 1525 976 1563">
    <p class='ocr_par' dir='ltr' id='par_1_31' title="bbox 186 1525 976 1563">
     <span class='ocr_line' id='line_1_31' title="bbox 186 1525 976 1563; baseline 0.003 -13"><span class='ocrx_word' id='word_1_210' title='bbox 186 1530 315 1558; x_wconf 87' lang='lat' dir='ltr'><strong>peccaret.</strong></span> <span class='ocrx_word' id='word_1_211' title='bbox 331 1525 389 1552; x_wconf 90' lang='lat' dir='ltr'><strong>Non</strong></span> <span class='ocrx_word' id='word_1_212' title='bbox 404 1526 475 1553; x_wconf 91' lang='lat' dir='ltr'><strong>enim</strong></span> <span class='ocrx_word' id='word_1_213' title='bbox 490 1526 566 1559; x_wconf 87' lang='lat' dir='ltr'><strong>dixit,</strong></span> <span class='ocrx_word' id='word_1_214' title='bbox 583 1531 643 1563; x_wconf 85' lang='lat' dir='ltr'><strong>post</strong></span> <span class='ocrx_word' id='word_1_215' title='bbox 657 1534 737 1552; x_wconf 90' lang='lat' dir='ltr'><strong>unum</strong></span> <span class='ocrx_word' id='word_1_216' title='bbox 751 1530 796 1552; x_wconf 91' lang='lat' dir='ltr'><strong>aut</strong></span> <span class='ocrx_word' id='word_1_217' title='bbox 809 1525 875 1552; x_wconf 89' lang='lat' dir='ltr'><strong>duos</strong></span> <span class='ocrx_word' id='word_1_218' title='bbox 887 1529 976 1553; x_wconf 90' lang='lat' dir='ltr'><strong>tresve</strong></span> 
     </span>
    </p>
   </div>
   <div class='ocr_carea' id='block_1_32' title="bbox 185 1570 977 1606">
    <p class='ocr_par' dir='ltr' id='par_1_32' title="bbox 185 1570 977 1606">
     <span class='ocr_line' id='line_1_32' title="bbox 185 1570 977 1606; baseline 0.003 -10"><span class='ocrx_word' id='word_1_219' title='bbox 185 1570 250 1603; x_wconf 86' lang='lat' dir='ltr'><strong>dies,</strong></span> <span class='ocrx_word' id='word_1_220' title='bbox 270 1571 316 1598; x_wconf 90' lang='lat' dir='ltr'><strong>scd</strong></span> <span class='ocrx_word' id='word_1_221' title='bbox 335 1571 360 1597; x_wconf 93' lang='lat' dir='ltr'><strong>in</strong></span> <span class='ocrx_word' id='word_1_222' title='bbox 379 1571 437 1606; x_wconf 90' lang='lat' dir='ltr'><strong>ipso</strong></span> <span class='ocrx_word' id='word_1_223' title='bbox 449 1571 503 1605; x_wconf 92' lang='lat' dir='ltr'><strong>die,</strong></span> <span class='ocrx_word' id='word_1_224' title='bbox 518 1578 571 1606; x_wconf 90' lang='lat' dir='ltr'><strong>quo</strong></span> <span class='ocrx_word' id='word_1_225' title='bbox 584 1571 762 1601; x_wconf 84' lang='lat' dir='ltr'><strong>eomederitis,</strong></span> <span class='ocrx_word' id='word_1_226' title='bbox 780 1575 866 1598; x_wconf 88' lang='lat' dir='ltr'><strong>morte</strong></span> <span class='ocrx_word' id='word_1_227' title='bbox 879 1570 977 1598; x_wconf 86' lang='lat' dir='ltr'><strong>morie-</strong></span> 
     </span>
    </p>
   </div>
   <div class='ocr_carea' id='block_1_33' title="bbox 185 1615 974 1651">
    <p class='ocr_par' dir='ltr' id='par_1_33' title="bbox 185 1615 974 1651">
     <span class='ocr_line' id='line_1_33' title="bbox 185 1615 974 1651; baseline 0.001 -10"><span class='ocrx_word' id='word_1_228' title='bbox 185 1615 258 1642; x_wconf 89' lang='lat' dir='ltr'><strong>mini.</strong></span> <span class='ocrx_word' id='word_1_229' title='bbox 274 1616 391 1651; x_wconf 84' lang='lat' dir='ltr'><strong>Denique</strong></span> <span class='ocrx_word' id='word_1_230' title='bbox 403 1617 507 1644; x_wconf 88' lang='lat' dir='ltr'><strong>cunctis</strong></span> <span class='ocrx_word' id='word_1_231' title='bbox 519 1617 615 1651; x_wconf 82' lang='lat' dir='ltr'><strong>quibus</strong></span> <span class='ocrx_word' id='word_1_232' title='bbox 634 1624 728 1643; x_wconf 89' lang='lat' dir='ltr'><strong>cavere</strong></span> <span class='ocrx_word' id='word_1_233' title='bbox 743 1617 859 1650; x_wconf 86' lang='lat' dir='ltr'><strong>oportuit</strong></span> <span class='ocrx_word' id='word_1_234' title='bbox 871 1616 974 1648; x_wconf 85' lang='lat' dir='ltr'><strong>modis,</strong></span> 
     </span>
    </p>
   </div>
   <div class='ocr_carea' id='block_1_34' title="bbox 185 1660 975 1695">
    <p class='ocr_par' dir='ltr' id='par_1_34' title="bbox 185 1660 975 1695">
     <span class='ocr_line' id='line_1_34' title="bbox 185 1660 975 1695; baseline -0.001 -8"><span class='ocrx_word' id='word_1_235' title='bbox 185 1660 254 1687; x_wconf 89' lang='lat' dir='ltr'><strong>cavit</strong></span> <span class='ocrx_word' id='word_1_236' title='bbox 269 1661 380 1688; x_wconf 88' lang='lat' dir='ltr'><strong>homini.</strong></span> <span class='ocrx_word' id='word_1_237' title='bbox 393 1662 514 1688; x_wconf 81' lang='lat' dir='ltr'><strong>Attamen</strong></span> <span class='ocrx_word' id='word_1_238' title='bbox 527 1661 570 1688; x_wconf 82' lang='lat' dir='ltr'><strong>tibi</strong></span> <span class='ocrx_word' id='word_1_239' title='bbox 586 1666 645 1695; x_wconf 92' lang='lat' dir='ltr'><strong>post</strong></span> <span class='ocrx_word' id='word_1_240' title='bbox 658 1665 756 1687; x_wconf 89' lang='lat' dir='ltr'><strong>tantam</strong></span> <span class='ocrx_word' id='word_1_241' title='bbox 772 1661 975 1694; x_wconf 84' lang='lat' dir='ltr'><strong>providentiam,</strong></span> 
     </span>
    </p>
   </div>
   <div class='ocr_carea' id='block_1_35' title="bbox 185 1706 975 1741">
    <p class='ocr_par' dir='ltr' id='par_1_35' title="bbox 185 1706 975 1741">
     <span class='ocr_line' id='line_1_35' title="bbox 185 1706 975 1741; baseline 0.001 -9"><span class='ocrx_word' id='word_1_242' title='bbox 185 1706 332 1733; x_wconf 84' lang='lat' dir='ltr'><strong>doctrinam</strong></span> <span class='ocrx_word' id='word_1_243' title='bbox 344 1727 351 1739; x_wconf 93' lang='lat'><strong>,</strong></span> <span class='ocrx_word' id='word_1_244' title='bbox 365 1706 588 1738; x_wconf 83' lang='lat' dir='ltr'><strong>exhortationem,</strong></span> <span class='ocrx_word' id='word_1_245' title='bbox 603 1706 804 1733; x_wconf 85' lang='lat' dir='ltr'><strong>beneficentiam</strong></span> <span class='ocrx_word' id='word_1_246' title='bbox 819 1707 909 1741; x_wconf 88' lang='lat' dir='ltr'><strong>lapsus</strong></span> <span class='ocrx_word' id='word_1_247' title='bbox 925 1710 975 1738; x_wconf 88' lang='lat' dir='ltr'><strong>est,</strong></span> 
     </span>
    </p>
   </div>
   <div class='ocr_carea' id='block_1_36' title="bbox 186 1751 976 1786">
    <p class='ocr_par' dir='ltr' id='par_1_36' title="bbox 186 1751 976 1786">
     <span class='ocr_line' id='line_1_36' title="bbox 186 1751 976 1786; baseline 0 -8"><span class='ocrx_word' id='word_1_248' title='bbox 186 1759 234 1778; x_wconf 89' lang='lat' dir='ltr'><strong>nec</strong></span> <span class='ocrx_word' id='word_1_249' title='bbox 257 1752 449 1786; x_wconf 87' lang='lat' dir='ltr'><strong>obtemperavit</strong></span> <span class='ocrx_word' id='word_1_250' title='bbox 471 1751 553 1786; x_wconf 86' lang='lat' dir='ltr'><strong>jussis</strong></span> <span class='ocrx_word' id='word_1_251' title='bbox 574 1751 671 1778; x_wconf 89' lang='lat' dir='ltr'><strong>divinis</strong></span> <span class='ocrx_word' id='word_1_252' title='bbox 697 1761 703 1779; x_wconf 91' lang='lat'>:</span> <span class='ocrx_word' id='word_1_253' title='bbox 727 1759 779 1778; x_wconf 91' lang='lat' dir='ltr'><strong>non</strong></span> <span class='ocrx_word' id='word_1_254' title='bbox 802 1752 868 1778; x_wconf 88' lang='lat' dir='ltr'><strong>dixit</strong></span> <span class='ocrx_word' id='word_1_255' title='bbox 896 1751 976 1784; x_wconf 88' lang='lat' dir='ltr'><strong>Deus,</strong></span> 
     </span>
    </p>
   </div>
   <div class='ocr_carea' id='block_1_37' title="bbox 186 1796 978 1832">
    <p class='ocr_par' dir='ltr' id='par_1_37' title="bbox 186 1796 978 1832">
     <span class='ocr_line' id='line_1_37' title="bbox 186 1796 978 1832; baseline -0.001 -8"><span class='ocrx_word' id='word_1_256' title='bbox 186 1797 247 1832; x_wconf 90' lang='lat' dir='ltr'><strong>quid</strong></span> <span class='ocrx_word' id='word_1_257' title='bbox 265 1797 315 1824; x_wconf 89' lang='lat' dir='ltr'><strong>hoc</strong></span> <span class='ocrx_word' id='word_1_258' title='bbox 331 1797 467 1832; x_wconf 88' lang='lat' dir='ltr'><strong>proderit?</strong></span> <span class='ocrx_word' id='word_1_259' title='bbox 481 1805 540 1832; x_wconf 78' lang='lat' dir='ltr'><strong>qua:</strong></span> <span class='ocrx_word' id='word_1_260' title='bbox 556 1797 653 1824; x_wconf 85' lang='lat' dir='ltr'><strong>utilitas</strong></span> <span class='ocrx_word' id='word_1_261' title='bbox 664 1796 745 1824; x_wconf 91' lang='lat' dir='ltr'><strong>inde?</strong></span> <span class='ocrx_word' id='word_1_262' title='bbox 761 1796 894 1829; x_wconf 87' lang='lat' dir='ltr'><strong>comedit,</strong></span> <span class='ocrx_word' id='word_1_263' title='bbox 909 1797 978 1824; x_wconf 90' lang='lat' dir='ltr'><strong>ceci-</strong></span> 
     </span>
    </p>
   </div>
   <div class='ocr_carea' id='block_1_38' title="bbox 185 1843 978 1879">
    <p class='ocr_par' dir='ltr' id='par_1_38' title="bbox 185 1843 978 1879">
     <span class='ocr_line' id='line_1_38' title="bbox 185 1843 978 1879; baseline 0 -8"><span class='ocrx_word' id='word_1_264' title='bbox 185 1845 233 1877; x_wconf 88' lang='lat' dir='ltr'><strong>dit,</strong></span> <span class='ocrx_word' id='word_1_265' title='bbox 258 1849 438 1879; x_wconf 84' lang='lat' dir='ltr'><strong>transgressus</strong></span> <span class='ocrx_word' id='word_1_266' title='bbox 462 1849 503 1872; x_wconf 85' lang='lat' dir='ltr'><strong>est</strong></span> <span class='ocrx_word' id='word_1_267' title='bbox 523 1844 619 1879; x_wconf 82' lang='lat' dir='ltr'><strong>legem,</strong></span> <span class='ocrx_word' id='word_1_268' title='bbox 641 1843 753 1871; x_wconf 85' lang='lat' dir='ltr'><strong>credidit</strong></span> <span class='ocrx_word' id='word_1_269' title='bbox 774 1844 879 1871; x_wconf 90' lang='lat' dir='ltr'><strong>diabolo</strong></span> <span class='ocrx_word' id='word_1_270' title='bbox 904 1852 910 1870; x_wconf 93' lang='lat'><strong>:</strong></span> <span class='ocrx_word' id='word_1_271' title='bbox 931 1844 978 1871; x_wconf 89' lang='lat' dir='ltr'><strong>de-</strong></span> 
     </span>
    </p>
   </div>
   <div class='ocr_carea' id='block_1_39' title="bbox 185 1889 978 1925">
    <p class='ocr_par' dir='ltr' id='par_1_39' title="bbox 185 1889 978 1925">
     <span class='ocr_line' id='line_1_39' title="bbox 185 1889 978 1925; baseline -0.001 -8"><span class='ocrx_word' id='word_1_272' title='bbox 185 1891 272 1925; x_wconf 83' lang='lat' dir='ltr'><strong>spexit</strong></span> <span class='ocrx_word' id='word_1_273' title='bbox 295 1894 457 1925; x_wconf 68' lang='lat' dir='ltr'><strong>praeceptum</strong></span> <span class='ocrx_word' id='word_1_274' title='bbox 478 1897 582 1923; x_wconf 91' lang='lat' dir='ltr'><strong>meum,</strong></span> <span class='ocrx_word' id='word_1_275' title='bbox 605 1889 707 1924; x_wconf 89' lang='lat' dir='ltr'><strong>accepit</strong></span> <span class='ocrx_word' id='word_1_276' title='bbox 728 1890 834 1922; x_wconf 88' lang='lat' dir='ltr'><strong>vulntts,</strong></span> <span class='ocrx_word' id='word_1_277' title='bbox 858 1893 978 1916; x_wconf 87' lang='lat' dir='ltr'><strong>mortuus</strong></span> 
     </span>
    </p>
   </div>
   <div class='ocr_carea' id='block_1_40' title="bbox 186 1935 978 1970">
    <p class='ocr_par' dir='ltr' id='par_1_40' title="bbox 186 1935 978 1970">
     <span class='ocr_line' id='line_1_40' title="bbox 186 1935 978 1970; baseline -0.001 -6"><span class='ocrx_word' id='word_1_278' title='bbox 186 1941 238 1970; x_wconf 91' lang='lat' dir='ltr'><strong>est,</strong></span> <span class='ocrx_word' id='word_1_279' title='bbox 250 1937 307 1964; x_wconf 91' lang='lat' dir='ltr'><strong>neci</strong></span> <span class='ocrx_word' id='word_1_280' title='bbox 322 1937 435 1964; x_wconf 86' lang='lat' dir='ltr'><strong>traditus</strong></span> <span class='ocrx_word' id='word_1_281' title='bbox 449 1940 508 1969; x_wconf 88' lang='lat' dir='ltr'><strong>est,</strong></span> <span class='ocrx_word' id='word_1_282' title='bbox 524 1937 550 1963; x_wconf 89' lang='lat' dir='ltr'><strong>in</strong></span> <span class='ocrx_word' id='word_1_283' title='bbox 564 1935 741 1963; x_wconf 87' lang='lat' dir='ltr'><strong>damnationis</strong></span> <span class='ocrx_word' id='word_1_284' title='bbox 756 1936 915 1963; x_wconf 87' lang='lat' dir='ltr'><strong>sententiam</strong></span> <span class='ocrx_word' id='word_1_285' title='bbox 938 1936 978 1963; x_wconf 87' lang='lat' dir='ltr'><strong>in-</strong></span> 
     </span>
    </p>
   </div>
   <div class='ocr_carea' id='block_1_41' title="bbox 187 1981 977 2018">
    <p class='ocr_par' dir='ltr' id='par_1_41' title="bbox 187 1981 977 2018">
     <span class='ocr_line' id='line_1_41' title="bbox 187 1981 977 2018; baseline -0.003 -9"><span class='ocrx_word' id='word_1_286' title='bbox 187 1982 250 2009; x_wconf 91' lang='lat' dir='ltr'><strong>cidit</strong></span> <span class='ocrx_word' id='word_1_287' title='bbox 267 1991 273 2009; x_wconf 92' lang='lat'><strong>:</strong></span> <span class='ocrx_word' id='word_1_288' title='bbox 290 1982 352 2018; x_wconf 90' lang='lat' dir='ltr'><strong>quid</strong></span> <span class='ocrx_word' id='word_1_289' title='bbox 375 1982 486 2017; x_wconf 88' lang='lat' dir='ltr'><strong>posthac</strong></span> <span class='ocrx_word' id='word_1_290' title='bbox 506 1985 548 2009; x_wconf 88' lang='lat' dir='ltr'><strong>est</strong></span> <span class='ocrx_word' id='word_1_291' title='bbox 570 1981 641 2016; x_wconf 89' lang='lat' dir='ltr'><strong>quod</strong></span> <span class='ocrx_word' id='word_1_292' title='bbox 665 1981 702 2008; x_wconf 90' lang='lat' dir='ltr'><strong>illi</strong></span> <span class='ocrx_word' id='word_1_293' title='bbox 729 1981 886 2016; x_wconf 84' lang='lat' dir='ltr'><strong>loquamur?</strong></span> <span class='ocrx_word' id='word_1_294' title='bbox 906 1981 977 2008; x_wconf 86' lang='lat' dir='ltr'><strong>Nihil</strong></span> 
     </span>
    </p>
   </div>
   <div class='ocr_carea' id='block_1_42' title="bbox 186 2026 977 2063">
    <p class='ocr_par' dir='ltr' id='par_1_42' title="bbox 186 2026 977 2063">
     <span class='ocr_line' id='line_1_42' title="bbox 186 2026 977 2063; baseline -0.004 -7"><span class='ocrx_word' id='word_1_295' title='bbox 186 2029 280 2056; x_wconf 88' lang='lat' dir='ltr'><strong>horum</strong></span> <span class='ocrx_word' id='word_1_296' title='bbox 295 2029 371 2061; x_wconf 87' lang='lat' dir='ltr'><strong>dixit,</strong></span> <span class='ocrx_word' id='word_1_297' title='bbox 387 2028 434 2056; x_wconf 91' lang='lat' dir='ltr'><strong>sed</strong></span> <span class='ocrx_word' id='word_1_298' title='bbox 450 2028 569 2063; x_wconf 90' lang='lat' dir='ltr'><strong>protinus</strong></span> <span class='ocrx_word' id='word_1_299' title='bbox 583 2027 615 2054; x_wconf 88' lang='lat' dir='ltr'><strong>ad</strong></span> <span class='ocrx_word' id='word_1_300' title='bbox 631 2027 706 2054; x_wconf 92' lang='lat' dir='ltr'><strong>illum</strong></span> <span class='ocrx_word' id='word_1_301' title='bbox 725 2027 812 2060; x_wconf 89' lang='lat' dir='ltr'><strong>venit,</strong></span> <span class='ocrx_word' id='word_1_302' title='bbox 827 2026 977 2062; x_wconf 90' lang='lat' dir='ltr'><strong>alloqutttus</strong></span> 
     </span>
    </p>
   </div>
   <div class='ocr_carea' id='block_1_43' title="bbox 187 2072 977 2108">
    <p class='ocr_par' dir='ltr' id='par_1_43' title="bbox 187 2072 977 2108">
     <span class='ocr_line' id='line_1_43' title="bbox 187 2072 977 2108; baseline -0.004 -6"><span class='ocrx_word' id='word_1_303' title='bbox 187 2079 238 2108; x_wconf 88' lang='lat' dir='ltr'><strong>cst,</strong></span> <span class='ocrx_word' id='word_1_304' title='bbox 253 2075 405 2102; x_wconf 88' lang='lat' dir='ltr'><strong>consolatus</strong></span> <span class='ocrx_word' id='word_1_305' title='bbox 425 2079 477 2106; x_wconf 89' lang='lat' dir='ltr'><strong>est,</strong></span> <span class='ocrx_word' id='word_1_306' title='bbox 498 2081 530 2101; x_wconf 90' lang='lat' dir='ltr'><strong>ac</strong></span> <span class='ocrx_word' id='word_1_307' title='bbox 548 2080 640 2101; x_wconf 88' lang='lat' dir='ltr'><strong>rursus</strong></span> <span class='ocrx_word' id='word_1_308' title='bbox 660 2073 731 2100; x_wconf 88' lang='lat' dir='ltr'><strong>aliud</strong></span> <span class='ocrx_word' id='word_1_309' title='bbox 752 2072 871 2100; x_wconf 84' lang='lat' dir='ltr'><strong>admOvit</strong></span> <span class='ocrx_word' id='word_1_310' title='bbox 889 2080 977 2100; x_wconf 90' lang='lat' dir='ltr'><strong>reme-</strong></span> 
     </span>
    </p>
   </div>
   <div class='ocr_carea' id='block_1_44' title="bbox 186 2118 978 2155">
    <p class='ocr_par' dir='ltr' id='par_1_44' title="bbox 186 2118 978 2155">
     <span class='ocr_line' id='line_1_44' title="bbox 186 2118 978 2155; baseline -0.001 -7"><span class='ocrx_word' id='word_1_311' title='bbox 186 2121 271 2154; x_wconf 86' lang='lat' dir='ltr'><strong>dium,</strong></span> <span class='ocrx_word' id='word_1_312' title='bbox 292 2121 418 2149; x_wconf 84' lang='lat' dir='ltr'><strong>videlicet</strong></span> <span class='ocrx_word' id='word_1_313' title='bbox 439 2120 558 2148; x_wconf 87' lang='lat' dir='ltr'><strong>laborem</strong></span> <span class='ocrx_word' id='word_1_314' title='bbox 571 2127 603 2147; x_wconf 88' lang='lat' dir='ltr'><strong>ac</strong></span> <span class='ocrx_word' id='word_1_315' title='bbox 624 2119 748 2146; x_wconf 88' lang='lat' dir='ltr'><strong>sudoretn</strong></span> <span class='ocrx_word' id='word_1_316' title='bbox 768 2118 850 2155; x_wconf 87' lang='lat' dir='ltr'><strong>(Ibid.</strong></span> <span class='ocrx_word' id='word_1_317' title='bbox 869 2119 908 2154; x_wconf 79' lang='lat'><strong>3),</strong></span> <span class='ocrx_word' id='word_1_318' title='bbox 928 2127 978 2147; x_wconf 92' lang='lat' dir='ltr'><strong>nec</strong></span> 
     </span>
    </p>
   </div>
   <div class='ocr_carea' id='block_1_45' title="bbox 186 2165 978 2201">
    <p class='ocr_par' dir='ltr' id='par_1_45' title="bbox 186 2165 978 2201">
     <span class='ocr_line' id='line_1_45' title="bbox 186 2165 978 2201; baseline -0.005 -6"><span class='ocrx_word' id='word_1_319' title='bbox 186 2168 259 2201; x_wconf 89' lang='lat' dir='ltr'><strong>prius</strong></span> <span class='ocrx_word' id='word_1_320' title='bbox 271 2167 373 2195; x_wconf 91' lang='lat' dir='ltr'><strong>destitit</strong></span> <span class='ocrx_word' id='word_1_321' title='bbox 388 2167 476 2194; x_wconf 89' lang='lat' dir='ltr'><strong>omnia</strong></span> <span class='ocrx_word' id='word_1_322' title='bbox 490 2165 588 2199; x_wconf 86' lang='lat' dir='ltr'><strong>facere,</strong></span> <span class='ocrx_word' id='word_1_323' title='bbox 602 2166 693 2194; x_wconf 90' lang='lat' dir='ltr'><strong>conari</strong></span> <span class='ocrx_word' id='word_1_324' title='bbox 712 2165 815 2198; x_wconf 86' lang='lat' dir='ltr'><strong>omnia,</strong></span> <span class='ocrx_word' id='word_1_325' title='bbox 829 2165 914 2192; x_wconf 89' lang='lat' dir='ltr'><strong>donec</strong></span> <span class='ocrx_word' id='word_1_326' title='bbox 927 2172 978 2192; x_wconf 88' lang='lat' dir='ltr'><strong>na-</strong></span> 
     </span>
    </p>
   </div>
   <div class='ocr_carea' id='block_1_46' title="bbox 188 2211 976 2248">
    <p class='ocr_par' dir='ltr' id='par_1_46' title="bbox 188 2211 976 2248">
     <span class='ocr_line' id='line_1_46' title="bbox 188 2211 976 2248; baseline -0.005 -7"><span class='ocrx_word' id='word_1_327' title='bbox 188 2219 273 2241; x_wconf 88' lang='lat' dir='ltr'><strong>turam</strong></span> <span class='ocrx_word' id='word_1_328' title='bbox 288 2214 432 2248; x_wconf 84' lang='lat' dir='ltr'><strong>collapsam</strong></span> <span class='ocrx_word' id='word_1_329' title='bbox 448 2213 623 2244; x_wconf 88' lang='lat' dir='ltr'><strong>restituisset,</strong></span> <span class='ocrx_word' id='word_1_330' title='bbox 639 2217 718 2246; x_wconf 89' lang='lat' dir='ltr'><strong>atque</strong></span> <span class='ocrx_word' id='word_1_331' title='bbox 733 2219 748 2238; x_wconf 93' lang='lat' dir='ltr'><strong>a</strong></span> <span class='ocrx_word' id='word_1_332' title='bbox 762 2215 850 2238; x_wconf 90' lang='lat' dir='ltr'><strong>morte</strong></span> <span class='ocrx_word' id='word_1_333' title='bbox 863 2211 976 2238; x_wconf 87' lang='lat' dir='ltr'><strong>liberas-</strong></span> 
     </span>
    </p>
   </div>
   <div class='ocr_carea' id='block_1_47' title="bbox 187 2257 978 2293">
    <p class='ocr_par' dir='ltr' id='par_1_47' title="bbox 187 2257 978 2293">
     <span class='ocr_line' id='line_1_47' title="bbox 187 2257 978 2293; baseline -0.004 -7"><span class='ocrx_word' id='word_1_334' title='bbox 187 2264 235 2291; x_wconf 88' lang='lat' dir='ltr'><strong>set,</strong></span> <span class='ocrx_word' id='word_1_335' title='bbox 258 2263 285 2286; x_wconf 90' lang='lat' dir='ltr'><strong>et</strong></span> <span class='ocrx_word' id='word_1_336' title='bbox 298 2259 330 2286; x_wconf 90' lang='lat' dir='ltr'><strong>ad</strong></span> <span class='ocrx_word' id='word_1_337' title='bbox 345 2259 439 2286; x_wconf 76' lang='lat' dir='ltr'><strong>caelum</strong></span> <span class='ocrx_word' id='word_1_338' title='bbox 453 2258 638 2293; x_wconf 87' lang='lat' dir='ltr'><strong>provexisset,</strong></span> <span class='ocrx_word' id='word_1_339' title='bbox 656 2257 811 2291; x_wconf 85' lang='lat' dir='ltr'><strong>majoraquc</strong></span> <span class='ocrx_word' id='word_1_340' title='bbox 825 2264 903 2291; x_wconf 89' lang='lat' dir='ltr'><strong>quam</strong></span> <span class='ocrx_word' id='word_1_341' title='bbox 918 2264 978 2291; x_wconf 90' lang='lat' dir='ltr'><strong>per-</strong></span> 
     </span>
    </p>
   </div>
   <div class='ocr_carea' id='block_1_48' title="bbox 185 2302 977 2336">
    <p class='ocr_par' dir='ltr' id='par_1_48' title="bbox 185 2302 977 2336">
     <span class='ocr_line' id='line_1_48' title="bbox 185 2302 977 2336; baseline -0.004 -4"><span class='ocrx_word' id='word_1_342' title='bbox 185 2305 289 2332; x_wconf 85' lang='lat' dir='ltr'><strong>diderat</strong></span> <span class='ocrx_word' id='word_1_343' title='bbox 313 2305 412 2331; x_wconf 91' lang='lat' dir='ltr'><strong>homini</strong></span> <span class='ocrx_word' id='word_1_344' title='bbox 436 2304 505 2331; x_wconf 88' lang='lat' dir='ltr'><strong>bona</strong></span> <span class='ocrx_word' id='word_1_345' title='bbox 527 2303 659 2334; x_wconf 84' lang='lat' dir='ltr'><strong>dediSset,</strong></span> <span class='ocrx_word' id='word_1_346' title='bbox 687 2302 764 2329; x_wconf 90' lang='lat' dir='ltr'><strong>factis</strong></span> <span class='ocrx_word' id='word_1_347' title='bbox 791 2302 855 2336; x_wconf 87' lang='lat' dir='ltr'><strong>ipsis</strong></span> <span class='ocrx_word' id='word_1_348' title='bbox 878 2302 977 2329; x_wconf 91' lang='lat' dir='ltr'><strong>docens</strong></span> 
     </span>
    </p>
   </div>
   <div class='ocr_carea' id='block_1_49' title="bbox 186 2347 976 2385">
    <p class='ocr_par' dir='ltr' id='par_1_49' title="bbox 186 2347 976 2385">
     <span class='ocr_line' id='line_1_49' title="bbox 186 2347 976 2385; baseline -0.003 -8"><span class='ocrx_word' id='word_1_349' title='bbox 186 2351 331 2384; x_wconf 88' lang='lat' dir='ltr'><strong>diabolum,</strong></span> <span class='ocrx_word' id='word_1_350' title='bbox 346 2350 417 2385; x_wconf 91' lang='lat' dir='ltr'><strong>quod</strong></span> <span class='ocrx_word' id='word_1_351' title='bbox 430 2349 471 2377; x_wconf 90' lang='lat' dir='ltr'><strong>his</strong></span> <span class='ocrx_word' id='word_1_352' title='bbox 483 2349 583 2376; x_wconf 90' lang='lat' dir='ltr'><strong>insidiis</strong></span> <span class='ocrx_word' id='word_1_353' title='bbox 595 2349 660 2375; x_wconf 85' lang='lat' dir='ltr'><strong>nihil</strong></span> <span class='ocrx_word' id='word_1_354' title='bbox 674 2348 838 2384; x_wconf 84' lang='lat' dir='ltr'><strong>profecisset,</strong></span> <span class='ocrx_word' id='word_1_355' title='bbox 849 2347 896 2375; x_wconf 90' lang='lat' dir='ltr'><strong>sed</strong></span> <span class='ocrx_word' id='word_1_356' title='bbox 906 2348 976 2383; x_wconf 90' lang='lat' dir='ltr'><strong>quod</strong></span> 
     </span>
    </p>
   </div>
   <div class='ocr_carea' id='block_1_50' title="bbox 188 2395 973 2430">
    <p class='ocr_par' dir='ltr' id='par_1_50' title="bbox 188 2395 973 2430">
     <span class='ocr_line' id='line_1_50' title="bbox 188 2395 973 2430; baseline -0.003 -7"><span class='ocrx_word' id='word_1_357' title='bbox 188 2397 308 2424; x_wconf 89' lang='lat' dir='ltr'><strong>homines</strong></span> <span class='ocrx_word' id='word_1_358' title='bbox 323 2397 421 2430; x_wconf 74' lang='lat' dir='ltr'><strong>eiectos</strong></span> <span class='ocrx_word' id='word_1_359' title='bbox 441 2404 456 2423; x_wconf 92' lang='lat' dir='ltr'><strong>e</strong></span> <span class='ocrx_word' id='word_1_360' title='bbox 470 2395 592 2430; x_wconf 86' lang='lat' dir='ltr'><strong>paradiso</strong></span> <span class='ocrx_word' id='word_1_361' title='bbox 611 2395 690 2430; x_wconf 58' lang='lat' dir='ltr'><strong>{mulo</strong></span> <span class='ocrx_word' id='word_1_362' title='bbox 709 2399 768 2430; x_wconf 83' lang='lat' dir='ltr'><strong>post</strong></span> <span class='ocrx_word' id='word_1_363' title='bbox 782 2395 887 2422; x_wconf 89' lang='lat' dir='ltr'><strong>visurus</strong></span> <span class='ocrx_word' id='word_1_364' title='bbox 901 2398 973 2422; x_wconf 81' lang='lat' dir='ltr'><strong>esset</strong></span> 
     </span>
    </p>
   </div>
   <div class='ocr_carea' id='block_1_51' title="bbox 188 2440 973 2476">
    <p class='ocr_par' dir='ltr' id='par_1_51' title="bbox 188 2440 973 2476">
     <span class='ocr_line' id='line_1_51' title="bbox 188 2440 973 2476; baseline -0.001 -8"><span class='ocrx_word' id='word_1_365' title='bbox 188 2443 214 2469; x_wconf 91' lang='lat' dir='ltr'><strong>in</strong></span> <span class='ocrx_word' id='word_1_366' title='bbox 226 2442 297 2469; x_wconf 69' lang='lat' dir='ltr'><strong>caelis</strong></span> <span class='ocrx_word' id='word_1_367' title='bbox 310 2442 411 2476; x_wconf 83' lang='lat' dir='ltr'><strong>angelis</strong></span> <span class='ocrx_word' id='word_1_368' title='bbox 426 2441 581 2476; x_wconf 87' lang='lat' dir='ltr'><strong>permixtos.</strong></span> <span class='ocrx_word' id='word_1_369' title='bbox 594 2440 665 2467; x_wconf 88' lang='lat' dir='ltr'><strong>Idem</strong></span> <span class='ocrx_word' id='word_1_370' title='bbox 677 2440 739 2468; x_wconf 87' lang='lat' dir='ltr'><strong>fecit</strong></span> <span class='ocrx_word' id='word_1_371' title='bbox 753 2440 779 2467; x_wconf 92' lang='lat' dir='ltr'><strong>in</strong></span> <span class='ocrx_word' id='word_1_372' title='bbox 794 2441 876 2473; x_wconf 89' lang='lat' dir='ltr'><strong>Cain;</strong></span> <span class='ocrx_word' id='word_1_373' title='bbox 890 2441 973 2475; x_wconf 90' lang='lat' dir='ltr'><strong>siqui-</strong></span> 
     </span>
    </p>
   </div>
   <div class='ocr_carea' id='block_1_52' title="bbox 187 2486 977 2521">
    <p class='ocr_par' dir='ltr' id='par_1_52' title="bbox 187 2486 977 2521">
     <span class='ocr_line' id='line_1_52' title="bbox 187 2486 977 2521; baseline -0.003 -7"><span class='ocrx_word' id='word_1_374' title='bbox 187 2487 246 2514; x_wconf 66' lang='lat' dir='ltr'><strong>dem</strong></span> <span class='ocrx_word' id='word_1_375' title='bbox 260 2491 287 2514; x_wconf 92' lang='lat' dir='ltr'><strong>et</strong></span> <span class='ocrx_word' id='word_1_376' title='bbox 301 2486 381 2520; x_wconf 92' lang='lat' dir='ltr'><strong>illius,</strong></span> <span class='ocrx_word' id='word_1_377' title='bbox 400 2487 553 2521; x_wconf 88' lang='lat' dir='ltr'><strong>priusquam</strong></span> <span class='ocrx_word' id='word_1_378' title='bbox 567 2490 706 2521; x_wconf 88' lang='lat' dir='ltr'><strong>peccaret,</strong></span> <span class='ocrx_word' id='word_1_379' title='bbox 722 2490 831 2513; x_wconf 81' lang='lat' dir='ltr'><strong>caverat</strong></span> <span class='ocrx_word' id='word_1_380' title='bbox 844 2486 922 2513; x_wconf 90' lang='lat' dir='ltr'><strong>saluti</strong></span> <span class='ocrx_word' id='word_1_381' title='bbox 936 2486 977 2513; x_wconf 90' lang='lat' dir='ltr'><strong>di-</strong></span> 
     </span>
    </p>
   </div>
   <div class='ocr_carea' id='block_1_53' title="bbox 186 2531 977 2567">
    <p class='ocr_par' dir='ltr' id='par_1_53' title="bbox 186 2531 977 2567">
     <span class='ocr_line' id='line_1_53' title="bbox 186 2531 977 2567; baseline 0 -9"><span class='ocrx_word' id='word_1_382' title='bbox 186 2540 249 2561; x_wconf 75' lang='lat' dir='ltr'><strong>cens</strong></span> <span class='ocrx_word' id='word_1_383' title='bbox 266 2541 272 2558; x_wconf 88' lang='lat'><strong>:</strong></span> <span class='ocrx_word' id='word_1_384' title='bbox 287 2532 410 2565; x_wconf 86' lang='lat' dir='ltr'><strong>Peccasti,</strong></span> <span class='ocrx_word' id='word_1_385' title='bbox 421 2532 536 2567; x_wconf 78' lang='lat' dir='ltr'><strong>quiesce;</strong></span> <span class='ocrx_word' id='word_1_386' title='bbox 548 2532 582 2558; x_wconf 86' lang='lat' dir='ltr'><strong>ad</strong></span> <span class='ocrx_word' id='word_1_387' title='bbox 592 2536 615 2558; x_wconf 88' lang='lat' dir='ltr'><strong>te</strong></span> <span class='ocrx_word' id='word_1_388' title='bbox 628 2531 755 2558; x_wconf 74' lang='lat' dir='ltr'><strong>conversio</strong></span> <span class='ocrx_word' id='word_1_389' title='bbox 766 2531 850 2563; x_wconf 83' lang='lat' dir='ltr'><strong>illius,</strong></span> <span class='ocrx_word' id='word_1_390' title='bbox 863 2536 885 2557; x_wconf 87' lang='lat' dir='ltr'><strong>et</strong></span> <span class='ocrx_word' id='word_1_391' title='bbox 901 2536 927 2557; x_wconf 86' lang='lat' dir='ltr'><strong>tu</strong></span> <span class='ocrx_word' id='word_1_392' title='bbox 937 2531 977 2558; x_wconf 80' lang='lat' dir='ltr'><strong>illi</strong></span> 
     </span>
    </p>
   </div>
   <div class='ocr_carea' id='block_1_54' title="bbox 182 2576 976 2614">
    <p class='ocr_par' dir='ltr' id='par_1_54' title="bbox 182 2576 976 2614">
     <span class='ocr_line' id='line_1_54' title="bbox 182 2576 976 2614; baseline -0.005 -8"><span class='ocrx_word' id='word_1_393' title='bbox 182 2579 357 2607; x_wconf 80' lang='lat' dir='ltr'><strong>dominaberis</strong></span> <span class='ocrx_word' id='word_1_394' title='bbox 368 2578 447 2614; x_wconf 84' lang='lat' dir='ltr'><strong>(Ibid.</strong></span> <span class='ocrx_word' id='word_1_395' title='bbox 460 2579 486 2605; x_wconf 79' lang='grc'><strong>4.</strong></span> <span class='ocrx_word' id='word_1_396' title='bbox 499 2579 537 2613; x_wconf 88' lang='lat'><strong>7).</strong></span> <span class='ocrx_word' id='word_1_397' title='bbox 551 2577 616 2605; x_wconf 84' lang='lat' dir='ltr'><strong>Vide</strong></span> <span class='ocrx_word' id='word_1_398' title='bbox 630 2577 786 2612; x_wconf 88' lang='lat' dir='ltr'><strong>sapientiam</strong></span> <span class='ocrx_word' id='word_1_399' title='bbox 799 2576 976 2611; x_wconf 90' lang='lat' dir='ltr'><strong>prudentiam-</strong></span> 
     </span>
    </p>
   </div>
   <div class='ocr_carea' id='block_1_55' title="bbox 190 2622 976 2662">
    <p class='ocr_par' dir='ltr' id='par_1_55' title="bbox 190 2622 976 2662">
     <span class='ocr_line' id='line_1_55' title="bbox 190 2622 976 2662; baseline -0.008 -8"><span class='ocrx_word' id='word_1_400' title='bbox 190 2635 236 2662; x_wconf 78' lang='lat' dir='ltr'><strong>.ptc</strong></span> <span class='ocrx_word' id='word_1_401' title='bbox 251 2625 308 2653; x_wconf 85' lang='lat' dir='ltr'><strong>Dei.</strong></span> <span class='ocrx_word' id='word_1_402' title='bbox 323 2625 379 2652; x_wconf 86' lang='lat' dir='ltr'><strong>Hoc</strong></span> <span class='ocrx_word' id='word_1_403' title='bbox 390 2624 495 2656; x_wconf 90' lang='lat' dir='ltr'><strong>metuis,</strong></span> <span class='ocrx_word' id='word_1_404' title='bbox 510 2623 604 2658; x_wconf 90' lang='lat' dir='ltr'><strong>inquit,</strong></span> <span class='ocrx_word' id='word_1_405' title='bbox 618 2630 651 2650; x_wconf 89' lang='lat' dir='ltr'><strong>ne</strong></span> <span class='ocrx_word' id='word_1_406' title='bbox 666 2627 691 2650; x_wconf 90' lang='lat' dir='ltr'><strong>te</strong></span> <span class='ocrx_word' id='word_1_407' title='bbox 703 2623 784 2649; x_wconf 86' lang='lat' dir='ltr'><strong>frater</strong></span> <span class='ocrx_word' id='word_1_408' title='bbox 798 2622 893 2656; x_wconf 86' lang='lat' dir='ltr'><strong>spoliet</strong></span> <span class='ocrx_word' id='word_1_409' title='bbox 908 2629 976 2656; x_wconf 69' lang='lat' dir='ltr'><strong>pra:-</strong></span> 
     </span>
    </p>
   </div>
   <div class='ocr_carea' id='block_1_56' title="bbox 187 2667 976 2706">
    <p class='ocr_par' dir='ltr' id='par_1_56' title="bbox 187 2667 976 2706">
     <span class='ocr_line' id='line_1_56' title="bbox 187 2667 976 2706; baseline -0.008 -7"><span class='ocrx_word' id='word_1_410' title='bbox 187 2671 303 2706; x_wconf 75' lang='lat' dir='ltr'><strong>rogaliva</strong></span> <span class='ocrx_word' id='word_1_411' title='bbox 327 2669 583 2704; x_wconf 78' lang='lat' dir='ltr'><strong>primogenitorum,</strong></span> <span class='ocrx_word' id='word_1_412' title='bbox 611 2672 719 2702; x_wconf 82' lang='lat' dir='ltr'><strong>propter</strong></span> <span class='ocrx_word' id='word_1_413' title='bbox 746 2667 873 2694; x_wconf 89' lang='lat' dir='ltr'><strong>ltonorem</strong></span> <span class='ocrx_word' id='word_1_414' title='bbox 889 2687 896 2698; x_wconf 88' lang='lat'><strong>,</strong></span> <span class='ocrx_word' id='word_1_415' title='bbox 924 2675 976 2702; x_wconf 90' lang='lat' dir='ltr'><strong>quo</strong></span> 
     </span>
    </p>
   </div>
   <div class='ocr_carea' id='block_1_57' title="bbox 187 2712 981 2753">
    <p class='ocr_par' dir='ltr' id='par_1_57' title="bbox 187 2712 981 2753">
     <span class='ocr_line' id='line_1_57' title="bbox 187 2712 981 2753; baseline -0.005 -11"><span class='ocrx_word' id='word_1_416' title='bbox 187 2720 272 2753; x_wconf 84' lang='lat' dir='ltr'><strong>ipsum</strong></span> <span class='ocrx_word' id='word_1_417' title='bbox 287 2716 379 2749; x_wconf 68' lang='lat' dir='ltr'><strong>atieci,</strong></span> <span class='ocrx_word' id='word_1_418' title='bbox 401 2723 435 2742; x_wconf 94' lang='lat' dir='ltr'><strong>nc</strong></span> <span class='ocrx_word' id='word_1_419' title='bbox 450 2715 624 2750; x_wconf 87' lang='lat' dir='ltr'><strong>principatum</strong></span> <span class='ocrx_word' id='word_1_420' title='bbox 640 2713 691 2741; x_wconf 89' lang='lat' dir='ltr'><strong>sibi</strong></span> <span class='ocrx_word' id='word_1_421' title='bbox 710 2717 818 2747; x_wconf 90' lang='lat' dir='ltr'><strong>usurpet</strong></span> <span class='ocrx_word' id='word_1_422' title='bbox 836 2712 882 2739; x_wconf 91' lang='lat' dir='ltr'><strong>tibi</strong></span> <span class='ocrx_word' id='word_1_423' title='bbox 902 2712 981 2743; x_wconf 37' lang='lat' dir='ltr'><strong>debi:</strong></span> 
     </span>
    </p>
   </div>
   <div class='ocr_carea' id='block_1_58' title="bbox 187 2757 978 2796">
    <p class='ocr_par' dir='ltr' id='par_1_58' title="bbox 187 2757 978 2796">
     <span class='ocr_line' id='line_1_58' title="bbox 187 2757 978 2796; baseline -0.008 -6"><span class='ocrx_word' id='word_1_424' title='bbox 187 2769 251 2790; x_wconf 90' lang='lat' dir='ltr'><strong>tntn.</strong></span> <span class='ocrx_word' id='word_1_425' title='bbox 276 2762 341 2790; x_wconf 87' lang='lat' dir='ltr'><strong>Nam</strong></span> <span class='ocrx_word' id='word_1_426' title='bbox 361 2760 550 2796; x_wconf 80' lang='lat' dir='ltr'><strong>printogenitos</strong></span> <span class='ocrx_word' id='word_1_427' title='bbox 570 2759 702 2794; x_wconf 88' lang='lat' dir='ltr'><strong>posterius</strong></span> <span class='ocrx_word' id='word_1_428' title='bbox 722 2758 818 2793; x_wconf 78' lang='lat' dir='ltr'><strong>genitis</strong></span> <span class='ocrx_word' id='word_1_429' title='bbox 838 2757 978 2793; x_wconf 88' lang='lat' dir='ltr'><strong>oportebat</strong></span> 
     </span>
    </p>
   </div>
   <div class='ocr_carea' id='block_1_59' title="bbox 188 2804 976 2840">
    <p class='ocr_par' dir='ltr' id='par_1_59' title="bbox 188 2804 976 2840">
     <span class='ocr_line' id='line_1_59' title="bbox 188 2804 976 2840; baseline -0.006 -3"><span class='ocrx_word' id='word_1_430' title='bbox 188 2808 399 2837; x_wconf 81' lang='lat' dir='ltr'><strong>honorabiliores</strong></span> <span class='ocrx_word' id='word_1_431' title='bbox 424 2814 493 2835; x_wconf 89' lang='lat' dir='ltr'><strong>esse.</strong></span> <span class='ocrx_word' id='word_1_432' title='bbox 518 2806 609 2838; x_wconf 90' lang='lat' dir='ltr'><strong>Bono,</strong></span> <span class='ocrx_word' id='word_1_433' title='bbox 634 2805 736 2840; x_wconf 85' lang='lat' dir='ltr'><strong>inquit,</strong></span> <span class='ocrx_word' id='word_1_434' title='bbox 759 2805 848 2831; x_wconf 90' lang='lat' dir='ltr'><strong>animo</strong></span> <span class='ocrx_word' id='word_1_435' title='bbox 874 2804 921 2837; x_wconf 89' lang='lat' dir='ltr'><strong>sis,</strong></span> <span class='ocrx_word' id='word_1_436' title='bbox 942 2812 976 2832; x_wconf 90' lang='lat' dir='ltr'><strong>ne</strong></span> 
     </span>
    </p>
   </div>
   <div class='ocr_carea' id='block_1_60' title="bbox 191 2850 971 2891">
    <p class='ocr_par' dir='ltr' id='par_1_60' title="bbox 191 2850 971 2891">
     <span class='ocr_line' id='line_1_60' title="bbox 191 2850 971 2891; baseline -0.006 -9"><span class='ocrx_word' id='word_1_437' title='bbox 191 2861 288 2889; x_wconf 83' lang='lat' dir='ltr'><strong>metue,</strong></span> <span class='ocrx_word' id='word_1_438' title='bbox 303 2862 392 2891; x_wconf 87' lang='lat' dir='ltr'><strong>neque</strong></span> <span class='ocrx_word' id='word_1_439' title='bbox 404 2856 455 2884; x_wconf 81' lang='lat' dir='ltr'><strong>hac</strong></span> <span class='ocrx_word' id='word_1_440' title='bbox 467 2854 500 2881; x_wconf 88' lang='lat' dir='ltr'><strong>de</strong></span> <span class='ocrx_word' id='word_1_441' title='bbox 510 2859 589 2881; x_wconf 85' lang='lat' dir='ltr'><strong>causa</strong></span> <span class='ocrx_word' id='word_1_442' title='bbox 603 2851 768 2888; x_wconf 83' lang='lat' dir='ltr'><strong>despondeas</strong></span> <span class='ocrx_word' id='word_1_443' title='bbox 781 2850 898 2878; x_wconf 92' lang='lat' dir='ltr'><strong>animum</strong></span> <span class='ocrx_word' id='word_1_444' title='bbox 914 2858 921 2877; x_wconf 90' lang='lat'>:</span> <span class='ocrx_word' id='word_1_445' title='bbox 935 2851 971 2877; x_wconf 71' lang='grc' dir='ltr'><strong>Α-</strong></span> 
     </span>
    </p>
   </div>
   <div class='ocr_carea' id='block_1_61' title="bbox 783 134 1215 163">
    <p class='ocr_par' dir='ltr' id='par_1_61' title="bbox 783 134 1215 163">
     <span class='ocr_line' id='line_1_61' title="bbox 783 134 1215 163; baseline 0.002 -1"><span class='ocrx_word' id='word_1_446' title='bbox 783 134 962 163; x_wconf 74' lang='lat' dir='ltr'><strong>ADVERSUS</strong></span> <span class='ocrx_word' id='word_1_447' title='bbox 981 134 1127 163; x_wconf 60' lang='lat' dir='ltr'><strong>.IUDtEOS.</strong></span> <span class='ocrx_word' id='word_1_448' title='bbox 1151 135 1215 163; x_wconf 74' lang='lat' dir='ltr'><strong>Vlll.</strong></span> 
     </span>
    </p>
   </div>
   <div class='ocr_carea' id='block_1_62' title="bbox 1771 142 1822 170">
    <p class='ocr_par' dir='ltr' id='par_1_62' title="bbox 1771 142 1822 170">
     <span class='ocr_line' id='line_1_62' title="bbox 1771 142 1822 170; baseline -0.078 -2"><span class='ocrx_word' id='word_1_449' title='bbox 1771 142 1822 170; x_wconf 62' lang='lat'><strong>930</strong></span> 
     </span>
    </p>
   </div>
   <div class='ocr_carea' id='block_1_63' title="bbox 1033 195 1822 231">
    <p class='ocr_par' dir='ltr' id='par_1_63' title="bbox 1033 195 1822 231">
     <span class='ocr_line' id='line_1_63' title="bbox 1033 195 1822 231; baseline 0.008 -11"><span class='ocrx_word' id='word_1_450' title='bbox 1033 199 1056 220; x_wconf 83' lang='lat' dir='ltr'><strong>te</strong></span> <span class='ocrx_word' id='word_1_451' title='bbox 1076 195 1203 221; x_wconf 77' lang='lat' dir='ltr'><strong>conversio</strong></span> <span class='ocrx_word' id='word_1_452' title='bbox 1221 195 1286 229; x_wconf 78' lang='lat' dir='ltr'><strong>ejus,</strong></span> <span class='ocrx_word' id='word_1_453' title='bbox 1306 200 1328 222; x_wconf 85' lang='lat' dir='ltr'><strong>et</strong></span> <span class='ocrx_word' id='word_1_454' title='bbox 1349 200 1375 222; x_wconf 88' lang='lat' dir='ltr'><strong>tu</strong></span> <span class='ocrx_word' id='word_1_455' title='bbox 1394 196 1562 224; x_wconf 73' lang='lat' dir='ltr'><strong>dominabt’ris</strong></span> <span class='ocrx_word' id='word_1_456' title='bbox 1581 197 1629 224; x_wconf 80' lang='lat' dir='ltr'><strong>illi.</strong></span> <span class='ocrx_word' id='word_1_457' title='bbox 1643 198 1719 231; x_wconf 85' lang='lat' dir='ltr'><strong>Quod</strong></span> <span class='ocrx_word' id='word_1_458' title='bbox 1733 206 1822 228; x_wconf 86' lang='lat' dir='ltr'><strong>autem</strong></span> 
     </span>
    </p>
   </div>
   <div class='ocr_carea' id='block_1_64' title="bbox 1032 240 1822 279">
    <p class='ocr_par' dir='ltr' id='par_1_64' title="bbox 1032 240 1822 279">
     <span class='ocr_line' id='line_1_64' title="bbox 1032 240 1822 279; baseline 0.008 -13"><span class='ocrx_word' id='word_1_459' title='bbox 1032 240 1106 273; x_wconf 79' lang='lat' dir='ltr'><strong>dicit,</strong></span> <span class='ocrx_word' id='word_1_460' title='bbox 1120 240 1191 267; x_wconf 91' lang='lat' dir='ltr'><strong>hunc</strong></span> <span class='ocrx_word' id='word_1_461' title='bbox 1202 240 1281 268; x_wconf 85' lang='lat' dir='ltr'><strong>habet</strong></span> <span class='ocrx_word' id='word_1_462' title='bbox 1294 247 1401 269; x_wconf 87' lang='lat' dir='ltr'><strong>sensum</strong></span> <span class='ocrx_word' id='word_1_463' title='bbox 1421 251 1427 269; x_wconf 93' lang='lat'><strong>:</strong></span> <span class='ocrx_word' id='word_1_464' title='bbox 1443 249 1521 270; x_wconf 92' lang='lat' dir='ltr'><strong>mane</strong></span> <span class='ocrx_word' id='word_1_465' title='bbox 1533 242 1559 269; x_wconf 92' lang='lat' dir='ltr'><strong>in</strong></span> <span class='ocrx_word' id='word_1_466' title='bbox 1572 243 1673 271; x_wconf 85' lang='lat' dir='ltr'><strong>honore</strong></span> <span class='ocrx_word' id='word_1_467' title='bbox 1687 244 1822 279; x_wconf 80' lang='lat' dir='ltr'><strong>primoge-</strong></span> 
     </span>
    </p>
   </div>
   <div class='ocr_carea' id='block_1_65' title="bbox 1031 286 1823 325">
    <p class='ocr_par' dir='ltr' id='par_1_65' title="bbox 1031 286 1823 325">
     <span class='ocr_line' id='line_1_65' title="bbox 1031 286 1823 325; baseline 0.006 -13"><span class='ocrx_word' id='word_1_468' title='bbox 1031 286 1089 318; x_wconf 90' lang='lat' dir='ltr'><strong>niti,</strong></span> <span class='ocrx_word' id='word_1_469' title='bbox 1106 291 1132 314; x_wconf 89' lang='lat' dir='ltr'><strong>et</strong></span> <span class='ocrx_word' id='word_1_470' title='bbox 1150 291 1207 314; x_wconf 89' lang='lat' dir='ltr'><strong>esto</strong></span> <span class='ocrx_word' id='word_1_471' title='bbox 1222 286 1298 314; x_wconf 85' lang='lat' dir='ltr'><strong>fratri</strong></span> <span class='ocrx_word' id='word_1_472' title='bbox 1319 291 1363 314; x_wconf 93' lang='lat' dir='ltr'><strong>tuo</strong></span> <span class='ocrx_word' id='word_1_473' title='bbox 1376 288 1517 323; x_wconf 81' lang='lat' dir='ltr'><strong>refugium,</strong></span> <span class='ocrx_word' id='word_1_474' title='bbox 1531 289 1716 317; x_wconf 87' lang='lat' dir='ltr'><strong>ttmbraculum</strong></span> <span class='ocrx_word' id='word_1_475' title='bbox 1729 297 1761 317; x_wconf 88' lang='lat' dir='ltr'><strong>ac</strong></span> <span class='ocrx_word' id='word_1_476' title='bbox 1773 298 1823 325; x_wconf 60' lang='lat' dir='ltr'><strong>pa-</strong></span> 
     </span>
    </p>
   </div>
   <div class='ocr_carea' id='block_1_66' title="bbox 1032 333 1822 369">
    <p class='ocr_par' dir='ltr' id='par_1_66' title="bbox 1032 333 1822 369">
     <span class='ocr_line' id='line_1_66' title="bbox 1032 333 1822 369; baseline 0.006 -10"><span class='ocrx_word' id='word_1_477' title='bbox 1032 333 1183 365; x_wconf 90' lang='lat' dir='ltr'><strong>troeinium,</strong></span> <span class='ocrx_word' id='word_1_478' title='bbox 1196 334 1348 369; x_wconf 86' lang='lat' dir='ltr'><strong>imperaque</strong></span> <span class='ocrx_word' id='word_1_479' title='bbox 1361 343 1392 362; x_wconf 90' lang='lat' dir='ltr'><strong>ac</strong></span> <span class='ocrx_word' id='word_1_480' title='bbox 1402 335 1540 363; x_wconf 78' lang='lat' dir='ltr'><strong>dominare</strong></span> <span class='ocrx_word' id='word_1_481' title='bbox 1552 336 1598 363; x_wconf 90' lang='lat' dir='ltr'><strong>illi.</strong></span> <span class='ocrx_word' id='word_1_482' title='bbox 1612 336 1726 364; x_wconf 88' lang='lat' dir='ltr'><strong>Tantum</strong></span> <span class='ocrx_word' id='word_1_483' title='bbox 1741 345 1775 364; x_wconf 90' lang='lat' dir='ltr'><strong>ne</strong></span> <span class='ocrx_word' id='word_1_484' title='bbox 1788 337 1822 364; x_wconf 77' lang='lat' dir='ltr'><strong>ad</strong></span> 
     </span>
    </p>
   </div>
   <div class='ocr_carea' id='block_1_67' title="bbox 1031 378 1824 416">
    <p class='ocr_par' dir='ltr' id='par_1_67' title="bbox 1031 378 1824 416">
     <span class='ocr_line' id='line_1_67' title="bbox 1031 378 1824 416; baseline 0.008 -12"><span class='ocrx_word' id='word_1_485' title='bbox 1031 378 1201 413; x_wconf 89' lang='lat' dir='ltr'><strong>parricidium</strong></span> <span class='ocrx_word' id='word_1_486' title='bbox 1218 380 1355 414; x_wconf 88' lang='lat' dir='ltr'><strong>prosilias,</strong></span> <span class='ocrx_word' id='word_1_487' title='bbox 1371 389 1456 416; x_wconf 85' lang='lat' dir='ltr'><strong>neque</strong></span> <span class='ocrx_word' id='word_1_488' title='bbox 1471 381 1503 408; x_wconf 92' lang='lat' dir='ltr'><strong>ad</strong></span> <span class='ocrx_word' id='word_1_489' title='bbox 1519 382 1628 416; x_wconf 87' lang='lat' dir='ltr'><strong>impiam</strong></span> <span class='ocrx_word' id='word_1_490' title='bbox 1648 383 1718 409; x_wconf 88' lang='lat' dir='ltr'><strong>illam</strong></span> <span class='ocrx_word' id='word_1_491' title='bbox 1734 391 1824 410; x_wconf 88' lang='lat' dir='ltr'><strong>erutu-</strong></span> 
     </span>
    </p>
   </div>
   <div class='ocr_carea' id='block_1_68' title="bbox 1031 424 1823 463">
    <p class='ocr_par' dir='ltr' id='par_1_68' title="bbox 1031 424 1823 463">
     <span class='ocr_line' id='line_1_68' title="bbox 1031 424 1823 463; baseline 0.008 -13"><span class='ocrx_word' id='word_1_492' title='bbox 1031 431 1079 457; x_wconf 82' lang='lat' dir='ltr'><strong>pas</strong></span> <span class='ocrx_word' id='word_1_493' title='bbox 1093 424 1204 452; x_wconf 74' lang='lat' dir='ltr'><strong>cmdent.</strong></span> <span class='ocrx_word' id='word_1_494' title='bbox 1215 425 1314 452; x_wconf 81' lang='lat' dir='ltr'><strong>Verum</strong></span> <span class='ocrx_word' id='word_1_495' title='bbox 1330 433 1364 453; x_wconf 90' lang='lat' dir='ltr'><strong>ne</strong></span> <span class='ocrx_word' id='word_1_496' title='bbox 1376 426 1414 454; x_wconf 89' lang='lat' dir='ltr'><strong>sic</strong></span> <span class='ocrx_word' id='word_1_497' title='bbox 1428 426 1535 461; x_wconf 91' lang='lat' dir='ltr'><strong>quidem</strong></span> <span class='ocrx_word' id='word_1_498' title='bbox 1550 428 1718 461; x_wconf 88' lang='lat' dir='ltr'><strong>auscultavit,</strong></span> <span class='ocrx_word' id='word_1_499' title='bbox 1735 436 1823 463; x_wconf 85' lang='lat' dir='ltr'><strong>neque</strong></span> 
     </span>
    </p>
   </div>
   <div class='ocr_carea' id='block_1_69' title="bbox 1029 471 1821 507">
    <p class='ocr_par' dir='ltr' id='par_1_69' title="bbox 1029 471 1821 507">
     <span class='ocr_line' id='line_1_69' title="bbox 1029 471 1821 507; baseline 0.005 -10"><span class='ocrx_word' id='word_1_500' title='bbox 1029 471 1182 505; x_wconf 86' lang='lat' dir='ltr'><strong>conquievit</strong></span> <span class='ocrx_word' id='word_1_501' title='bbox 1197 480 1204 498; x_wconf 92' lang='lat'><strong><em>:</em></strong></span> <span class='ocrx_word' id='word_1_502' title='bbox 1220 472 1267 499; x_wconf 88' lang='lat' dir='ltr'><strong>sed</strong></span> <span class='ocrx_word' id='word_1_503' title='bbox 1287 472 1387 499; x_wconf 62' lang='lat' dir='ltr'><strong>caedem</strong></span> <span class='ocrx_word' id='word_1_504' title='bbox 1407 473 1479 499; x_wconf 90' lang='lat' dir='ltr'><strong>illam</strong></span> <span class='ocrx_word' id='word_1_505' title='bbox 1495 474 1665 507; x_wconf 89' lang='lat' dir='ltr'><strong>perpetravit,</strong></span> <span class='ocrx_word' id='word_1_506' title='bbox 1683 474 1821 502; x_wconf 76' lang='lat' dir='ltr'><strong>dexteram</strong></span> 
     </span>
    </p>
   </div>
   <div class='ocr_carea' id='block_1_70' title="bbox 1032 516 1824 554">
    <p class='ocr_par' dir='ltr' id='par_1_70' title="bbox 1032 516 1824 554">
     <span class='ocr_line' id='line_1_70' title="bbox 1032 516 1824 554; baseline 0.006 -11"><span class='ocrx_word' id='word_1_507' title='bbox 1032 517 1057 543; x_wconf 93' lang='lat' dir='ltr'><strong>in</strong></span> <span class='ocrx_word' id='word_1_508' title='bbox 1071 516 1215 544; x_wconf 89' lang='lat' dir='ltr'><strong>fraternum</strong></span> <span class='ocrx_word' id='word_1_509' title='bbox 1227 518 1475 553; x_wconf 81' lang='lat' dir='ltr'><strong>immisitjugulum.</strong></span> <span class='ocrx_word' id='word_1_510' title='bbox 1487 519 1555 552; x_wconf 87' lang='lat' dir='ltr'><strong>Quid</strong></span> <span class='ocrx_word' id='word_1_511' title='bbox 1569 519 1665 554; x_wconf 82' lang='lat' dir='ltr'><strong>igitur?</strong></span> <span class='ocrx_word' id='word_1_512' title='bbox 1675 520 1743 547; x_wconf 87' lang='lat' dir='ltr'><strong>Num</strong></span> <span class='ocrx_word' id='word_1_513' title='bbox 1755 520 1824 548; x_wconf 90' lang='lat' dir='ltr'><strong>dixit</strong></span> 
     </span>
    </p>
   </div>
   <div class='ocr_carea' id='block_1_71' title="bbox 1032 562 1824 600">
    <p class='ocr_par' dir='ltr' id='par_1_71' title="bbox 1032 562 1824 600">
     <span class='ocr_line' id='line_1_71' title="bbox 1032 562 1824 600; baseline 0.004 -11"><span class='ocrx_word' id='word_1_514' title='bbox 1032 562 1112 595; x_wconf 84' lang='lat' dir='ltr'><strong>Deus,</strong></span> <span class='ocrx_word' id='word_1_515' title='bbox 1127 563 1245 591; x_wconf 89' lang='lat' dir='ltr'><strong>sinamus</strong></span> <span class='ocrx_word' id='word_1_516' title='bbox 1259 564 1333 590; x_wconf 92' lang='lat' dir='ltr'><strong>illum</strong></span> <span class='ocrx_word' id='word_1_517' title='bbox 1353 564 1378 591; x_wconf 94' lang='lat' dir='ltr'><strong>in</strong></span> <span class='ocrx_word' id='word_1_518' title='bbox 1393 565 1548 598; x_wconf 85' lang='lat' dir='ltr'><strong>posterum?</strong></span> <span class='ocrx_word' id='word_1_519' title='bbox 1560 565 1628 598; x_wconf 86' lang='lat' dir='ltr'><strong>Quid</strong></span> <span class='ocrx_word' id='word_1_520' title='bbox 1643 566 1753 600; x_wconf 84' lang='lat' dir='ltr'><strong>posthac</strong></span> <span class='ocrx_word' id='word_1_521' title='bbox 1771 565 1824 593; x_wconf 90' lang='lat' dir='ltr'><strong>erit</strong></span> 
     </span>
    </p>
   </div>
   <div class='ocr_carea' id='block_1_72' title="bbox 1031 608 1820 644">
    <p class='ocr_par' dir='ltr' id='par_1_72' title="bbox 1031 608 1820 644">
     <span class='ocr_line' id='line_1_72' title="bbox 1031 608 1820 644; baseline 0.005 -10"><span class='ocrx_word' id='word_1_522' title='bbox 1031 608 1119 635; x_wconf 87' lang='lat' dir='ltr'><strong>lucri?</strong></span> <span class='ocrx_word' id='word_1_523' title='bbox 1143 609 1309 643; x_wconf 83' lang='lat' dir='ltr'><strong>Perpetravit</strong></span> <span class='ocrx_word' id='word_1_524' title='bbox 1334 610 1522 644; x_wconf 88' lang='lat' dir='ltr'><strong>parricidium,</strong></span> <span class='ocrx_word' id='word_1_525' title='bbox 1548 611 1673 638; x_wconf 86' lang='lat' dir='ltr'><strong>mactavit</strong></span> <span class='ocrx_word' id='word_1_526' title='bbox 1693 611 1820 644; x_wconf 87' lang='lat' dir='ltr'><strong>fratrem,</strong></span> 
     </span>
    </p>
   </div>
   <div class='ocr_carea' id='block_1_73' title="bbox 1031 655 1822 689">
    <p class='ocr_par' dir='ltr' id='par_1_73' title="bbox 1031 655 1822 689">
     <span class='ocr_line' id='line_1_73' title="bbox 1031 655 1822 689; baseline 0.004 -9"><span class='ocrx_word' id='word_1_527' title='bbox 1031 655 1190 689; x_wconf 90' lang='lat' dir='ltr'><strong>contempsit</strong></span> <span class='ocrx_word' id='word_1_528' title='bbox 1204 655 1409 682; x_wconf 89' lang='lat' dir='ltr'><strong>admonitionem</strong></span> <span class='ocrx_word' id='word_1_529' title='bbox 1422 663 1521 688; x_wconf 87' lang='lat' dir='ltr'><strong>meam,</strong></span> <span class='ocrx_word' id='word_1_530' title='bbox 1539 655 1684 683; x_wconf 90' lang='lat' dir='ltr'><strong>insanabile</strong></span> <span class='ocrx_word' id='word_1_531' title='bbox 1697 656 1822 683; x_wconf 89' lang='lat' dir='ltr'><strong>minime-</strong></span> 
     </span>
    </p>
   </div>
   <div class='ocr_carea' id='block_1_74' title="bbox 1030 701 1820 738">
    <p class='ocr_par' dir='ltr' id='par_1_74' title="bbox 1030 701 1820 738">
     <span class='ocr_line' id='line_1_74' title="bbox 1030 701 1820 738; baseline 0.005 -12"><span class='ocrx_word' id='word_1_532' title='bbox 1030 708 1082 735; x_wconf 89' lang='lat' dir='ltr'><strong>que</strong></span> <span class='ocrx_word' id='word_1_533' title='bbox 1094 701 1297 728; x_wconf 91' lang='lat' dir='ltr'><strong>condonandum</strong></span> <span class='ocrx_word' id='word_1_534' title='bbox 1312 701 1484 729; x_wconf 88' lang='lat' dir='ltr'><strong>homicidium</strong></span> <span class='ocrx_word' id='word_1_535' title='bbox 1504 710 1584 730; x_wconf 83' lang='lat' dir='ltr'><strong>ausus</strong></span> <span class='ocrx_word' id='word_1_536' title='bbox 1602 707 1642 730; x_wconf 88' lang='lat' dir='ltr'><strong>est</strong></span> <span class='ocrx_word' id='word_1_537' title='bbox 1656 707 1820 738; x_wconf 87' lang='lat' dir='ltr'><strong>perpetrare,</strong></span> 
     </span>
    </p>
   </div>
   <div class='ocr_carea' id='block_1_75' title="bbox 1033 746 1822 781">
    <p class='ocr_par' dir='ltr' id='par_1_75' title="bbox 1033 746 1822 781">
     <span class='ocr_line' id='line_1_75' title="bbox 1033 746 1822 781; baseline 0.004 -9"><span class='ocrx_word' id='word_1_538' title='bbox 1033 746 1129 780; x_wconf 89' lang='lat' dir='ltr'><strong>talique</strong></span> <span class='ocrx_word' id='word_1_539' title='bbox 1143 753 1174 773; x_wconf 87' lang='lat' dir='ltr'><strong>ac</strong></span> <span class='ocrx_word' id='word_1_540' title='bbox 1189 751 1258 773; x_wconf 86' lang='lat' dir='ltr'><strong>tanta</strong></span> <span class='ocrx_word' id='word_1_541' title='bbox 1274 747 1397 781; x_wconf 70' lang='lat' dir='ltr'><strong>dignatus</strong></span> <span class='ocrx_word' id='word_1_542' title='bbox 1410 748 1589 775; x_wconf 88' lang='lat' dir='ltr'><strong>sollicitudine</strong></span> <span class='ocrx_word' id='word_1_543' title='bbox 1604 756 1662 775; x_wconf 89' lang='lat' dir='ltr'><strong>mea</strong></span> <span class='ocrx_word' id='word_1_544' title='bbox 1673 769 1680 780; x_wconf 90' lang='lat'><strong>,</strong></span> <span class='ocrx_word' id='word_1_545' title='bbox 1702 748 1822 775; x_wconf 85' lang='lat' dir='ltr'><strong>doctrina</strong></span> 
     </span>
    </p>
   </div>
   <div class='ocr_carea' id='block_1_76' title="bbox 1031 791 1822 826">
    <p class='ocr_par' dir='ltr' id='par_1_76' title="bbox 1031 791 1822 826">
     <span class='ocr_line' id='line_1_76' title="bbox 1031 791 1822 826; baseline 0.003 -9"><span class='ocrx_word' id='word_1_546' title='bbox 1031 796 1057 817; x_wconf 90' lang='lat' dir='ltr'><strong>et</strong></span> <span class='ocrx_word' id='word_1_547' title='bbox 1072 791 1182 818; x_wconf 89' lang='lat' dir='ltr'><strong>consilio</strong></span> <span class='ocrx_word' id='word_1_548' title='bbox 1195 800 1201 818; x_wconf 87' lang='lat'><strong>:</strong></span> <span class='ocrx_word' id='word_1_549' title='bbox 1213 796 1306 818; x_wconf 90' lang='lat' dir='ltr'><strong>cuncta</strong></span> <span class='ocrx_word' id='word_1_550' title='bbox 1321 792 1364 818; x_wconf 91' lang='lat' dir='ltr'><strong>illa</strong></span> <span class='ocrx_word' id='word_1_551' title='bbox 1381 792 1480 826; x_wconf 85' lang='lat' dir='ltr'><strong>pepulit</strong></span> <span class='ocrx_word' id='word_1_552' title='bbox 1493 800 1526 819; x_wconf 85' lang='lat' dir='ltr'><strong>ex</strong></span> <span class='ocrx_word' id='word_1_553' title='bbox 1538 794 1637 825; x_wconf 90' lang='lat' dir='ltr'><strong>animo,</strong></span> <span class='ocrx_word' id='word_1_554' title='bbox 1651 800 1701 820; x_wconf 93' lang='lat' dir='ltr'><strong>nec</strong></span> <span class='ocrx_word' id='word_1_555' title='bbox 1713 792 1763 819; x_wconf 90' lang='lat' dir='ltr'><strong>ulla</strong></span> <span class='ocrx_word' id='word_1_556' title='bbox 1777 801 1822 819; x_wconf 90' lang='lat' dir='ltr'><strong>ra-</strong></span> 
     </span>
    </p>
   </div>
   <div class='ocr_carea' id='block_1_77' title="bbox 1032 836 1820 872">
    <p class='ocr_par' dir='ltr' id='par_1_77' title="bbox 1032 836 1820 872">
     <span class='ocr_line' id='line_1_77' title="bbox 1032 836 1820 872; baseline 0.004 -10"><span class='ocrx_word' id='word_1_557' title='bbox 1032 836 1104 863; x_wconf 88' lang='lat' dir='ltr'><strong>tione</strong></span> <span class='ocrx_word' id='word_1_558' title='bbox 1126 844 1272 864; x_wconf 90' lang='lat' dir='ltr'><strong>conversus</strong></span> <span class='ocrx_word' id='word_1_559' title='bbox 1292 842 1342 864; x_wconf 91' lang='lat' dir='ltr'><strong>est.</strong></span> <span class='ocrx_word' id='word_1_560' title='bbox 1367 838 1509 864; x_wconf 90' lang='lat' dir='ltr'><strong>Dcseratur</strong></span> <span class='ocrx_word' id='word_1_561' title='bbox 1530 838 1608 872; x_wconf 79' lang='lat' dir='ltr'><strong>igitur</strong></span> <span class='ocrx_word' id='word_1_562' title='bbox 1630 839 1655 865; x_wconf 91' lang='lat' dir='ltr'><strong>in</strong></span> <span class='ocrx_word' id='word_1_563' title='bbox 1674 843 1820 872; x_wconf 87' lang='lat' dir='ltr'><strong>posterum,</strong></span> 
     </span>
    </p>
   </div>
   <div class='ocr_carea' id='block_1_78' title="bbox 1031 882 1822 918">
    <p class='ocr_par' dir='ltr' id='par_1_78' title="bbox 1031 882 1822 918">
     <span class='ocr_line' id='line_1_78' title="bbox 1031 882 1822 918; baseline 0.003 -10"><span class='ocrx_word' id='word_1_564' title='bbox 1031 889 1062 909; x_wconf 89' lang='lat' dir='ltr'><strong>ac</strong></span> <span class='ocrx_word' id='word_1_565' title='bbox 1078 882 1211 916; x_wconf 88' lang='lat' dir='ltr'><strong>projectus</strong></span> <span class='ocrx_word' id='word_1_566' title='bbox 1226 887 1293 915; x_wconf 87' lang='lat' dir='ltr'><strong>esto,</strong></span> <span class='ocrx_word' id='word_1_567' title='bbox 1310 889 1359 909; x_wconf 91' lang='lat' dir='ltr'><strong>nec</strong></span> <span class='ocrx_word' id='word_1_568' title='bbox 1375 882 1430 909; x_wconf 92' lang='lat' dir='ltr'><strong>ullo</strong></span> <span class='ocrx_word' id='word_1_569' title='bbox 1444 890 1505 910; x_wconf 90' lang='lat' dir='ltr'><strong>meo</strong></span> <span class='ocrx_word' id='word_1_570' title='bbox 1524 887 1647 917; x_wconf 90' lang='lat' dir='ltr'><strong>respectu</strong></span> <span class='ocrx_word' id='word_1_571' title='bbox 1662 883 1756 918; x_wconf 80' lang='lat' dir='ltr'><strong>dignus</strong></span> <span class='ocrx_word' id='word_1_572' title='bbox 1772 883 1822 910; x_wconf 91' lang='lat' dir='ltr'><strong>ha-</strong></span> 
     </span>
    </p>
   </div>
   <div class='ocr_carea' id='block_1_79' title="bbox 1030 927 1821 960">
    <p class='ocr_par' dir='ltr' id='par_1_79' title="bbox 1030 927 1821 960">
     <span class='ocr_line' id='line_1_79' title="bbox 1030 927 1821 960; baseline 0.004 -7"><span class='ocrx_word' id='word_1_573' title='bbox 1030 928 1134 954; x_wconf 88' lang='lat' dir='ltr'><strong>beatttr.</strong></span> <span class='ocrx_word' id='word_1_574' title='bbox 1150 927 1220 954; x_wconf 82' lang='lat' dir='ltr'><strong>Nihil</strong></span> <span class='ocrx_word' id='word_1_575' title='bbox 1235 928 1286 955; x_wconf 90' lang='lat' dir='ltr'><strong>tale</strong></span> <span class='ocrx_word' id='word_1_576' title='bbox 1302 928 1370 955; x_wconf 90' lang='lat' dir='ltr'><strong>Deus</strong></span> <span class='ocrx_word' id='word_1_577' title='bbox 1385 928 1461 960; x_wconf 89' lang='lat' dir='ltr'><strong>dixit,</strong></span> <span class='ocrx_word' id='word_1_578' title='bbox 1474 928 1518 956; x_wconf 82' lang='lat' dir='ltr'><strong>vel</strong></span> <span class='ocrx_word' id='word_1_579' title='bbox 1539 928 1601 955; x_wconf 88' lang='lat' dir='ltr'><strong>fecit</strong></span> <span class='ocrx_word' id='word_1_580' title='bbox 1615 938 1620 955; x_wconf 93' lang='lat'><strong>:</strong></span> <span class='ocrx_word' id='word_1_581' title='bbox 1634 929 1681 956; x_wconf 89' lang='lat' dir='ltr'><strong>sed</strong></span> <span class='ocrx_word' id='word_1_582' title='bbox 1700 929 1732 956; x_wconf 90' lang='lat' dir='ltr'><strong>ad</strong></span> <span class='ocrx_word' id='word_1_583' title='bbox 1748 930 1821 956; x_wconf 92' lang='lat' dir='ltr'><strong>illum</strong></span> 
     </span>
    </p>
   </div>
   <div class='ocr_carea' id='block_1_80' title="bbox 1029 973 1823 1008">
    <p class='ocr_par' dir='ltr' id='par_1_80' title="bbox 1029 973 1823 1008">
     <span class='ocr_line' id='line_1_80' title="bbox 1029 973 1823 1008; baseline 0.001 -8"><span class='ocrx_word' id='word_1_584' title='bbox 1029 974 1104 1000; x_wconf 83' lang='lat' dir='ltr'><strong>venit</strong></span> <span class='ocrx_word' id='word_1_585' title='bbox 1117 973 1222 1006; x_wconf 91' lang='lat' dir='ltr'><strong>denuo,</strong></span> <span class='ocrx_word' id='word_1_586' title='bbox 1238 978 1265 1001; x_wconf 92' lang='lat' dir='ltr'><strong>et</strong></span> <span class='ocrx_word' id='word_1_587' title='bbox 1279 973 1389 1008; x_wconf 75' lang='lat' dir='ltr'><strong>corrigit</strong></span> <span class='ocrx_word' id='word_1_588' title='bbox 1411 974 1545 1001; x_wconf 91' lang='lat' dir='ltr'><strong>hominem</strong></span> <span class='ocrx_word' id='word_1_589' title='bbox 1557 995 1564 1007; x_wconf 94' lang='lat'><strong>,</strong></span> <span class='ocrx_word' id='word_1_590' title='bbox 1581 974 1672 1001; x_wconf 87' lang='lat' dir='ltr'><strong>dicens</strong></span> <span class='ocrx_word' id='word_1_591' title='bbox 1691 983 1697 1000; x_wconf 91' lang='lat'><strong>:</strong></span> <span class='ocrx_word' id='word_1_592' title='bbox 1717 974 1765 1002; x_wconf 84' lang='lat' dir='ltr'><strong>Ubi</strong></span> <span class='ocrx_word' id='word_1_593' title='bbox 1787 980 1823 1001; x_wconf 77' lang='lat' dir='ltr'><strong>est</strong></span> 
     </span>
    </p>
   </div>
   <div class='ocr_carea' id='block_1_81' title="bbox 1031 1019 1821 1054">
    <p class='ocr_par' dir='ltr' id='par_1_81' title="bbox 1031 1019 1821 1054">
     <span class='ocr_line' id='line_1_81' title="bbox 1031 1019 1821 1054; baseline 0.001 -9"><span class='ocrx_word' id='word_1_594' title='bbox 1031 1019 1095 1046; x_wconf 83' lang='lat' dir='ltr'><strong>Abel</strong></span> <span class='ocrx_word' id='word_1_595' title='bbox 1108 1019 1187 1054; x_wconf 74' lang='lat' dir='ltr'><strong>frater</strong></span> <span class='ocrx_word' id='word_1_596' title='bbox 1201 1019 1280 1046; x_wconf 80' lang='lat' dir='ltr'><strong>tuus?</strong></span> <span class='ocrx_word' id='word_1_597' title='bbox 1295 1020 1334 1046; x_wconf 87' lang='lat' dir='ltr'><strong>Ac</strong></span> <span class='ocrx_word' id='word_1_598' title='bbox 1353 1027 1386 1046; x_wconf 90' lang='lat' dir='ltr'><strong>ne</strong></span> <span class='ocrx_word' id='word_1_599' title='bbox 1406 1019 1568 1046; x_wconf 84' lang='lat' dir='ltr'><strong>inﬁciantem</strong></span> <span class='ocrx_word' id='word_1_600' title='bbox 1582 1019 1688 1054; x_wconf 90' lang='lat' dir='ltr'><strong>quidem</strong></span> <span class='ocrx_word' id='word_1_601' title='bbox 1705 1020 1821 1052; x_wconf 90' lang='lat' dir='ltr'><strong>deserit,</strong></span> 
     </span>
    </p>
   </div>
   <div class='ocr_carea' id='block_1_82' title="bbox 1030 1064 1821 1100">
    <p class='ocr_par' dir='ltr' id='par_1_82' title="bbox 1030 1064 1821 1100">
     <span class='ocr_line' id='line_1_82' title="bbox 1030 1064 1821 1100; baseline 0.001 -8"><span class='ocrx_word' id='word_1_602' title='bbox 1030 1064 1078 1093; x_wconf 89' lang='lat' dir='ltr'><strong>sed</strong></span> <span class='ocrx_word' id='word_1_603' title='bbox 1104 1065 1146 1092; x_wconf 90' lang='lat' dir='ltr'><strong>vel</strong></span> <span class='ocrx_word' id='word_1_604' title='bbox 1170 1065 1281 1092; x_wconf 88' lang='lat' dir='ltr'><strong>invitum</strong></span> <span class='ocrx_word' id='word_1_605' title='bbox 1307 1065 1388 1100; x_wconf 80' lang='lat' dir='ltr'><strong>adigit</strong></span> <span class='ocrx_word' id='word_1_606' title='bbox 1412 1065 1444 1092; x_wconf 90' lang='lat' dir='ltr'><strong>ad</strong></span> <span class='ocrx_word' id='word_1_607' title='bbox 1470 1065 1594 1092; x_wconf 87' lang='lat' dir='ltr'><strong>facinoris</strong></span> <span class='ocrx_word' id='word_1_608' title='bbox 1614 1066 1821 1093; x_wconf 89' lang='lat' dir='ltr'><strong>confessionem.</strong></span> 
     </span>
    </p>
   </div>
   <div class='ocr_carea' id='block_1_83' title="bbox 1030 1110 1823 1147">
    <p class='ocr_par' dir='ltr' id='par_1_83' title="bbox 1030 1110 1823 1147">
     <span class='ocr_line' id='line_1_83' title="bbox 1030 1110 1823 1147; baseline 0.003 -10"><span class='ocrx_word' id='word_1_609' title='bbox 1030 1110 1149 1146; x_wconf 90' lang='lat' dir='ltr'><strong>Cumque</strong></span> <span class='ocrx_word' id='word_1_610' title='bbox 1165 1111 1284 1144; x_wconf 82' lang='lat' dir='ltr'><strong>dixisset,</strong></span> <span class='ocrx_word' id='word_1_611' title='bbox 1307 1111 1415 1145; x_wconf 81' lang='lat' dir='ltr'><strong>Nescio,</strong></span> <span class='ocrx_word' id='word_1_612' title='bbox 1432 1112 1491 1139; x_wconf 87' lang='lat' dir='ltr'><strong>ait:</strong></span> <span class='ocrx_word' id='word_1_613' title='bbox 1510 1111 1565 1138; x_wconf 74' lang='lat' dir='ltr'><strong>Vox</strong></span> <span class='ocrx_word' id='word_1_614' title='bbox 1584 1113 1716 1147; x_wconf 77' lang='lat' dir='ltr'><strong>sanguinis</strong></span> <span class='ocrx_word' id='word_1_615' title='bbox 1735 1113 1823 1147; x_wconf 81' lang='lat' dir='ltr'><strong>fratris</strong></span> 
     </span>
    </p>
   </div>
   <div class='ocr_carea' id='block_1_84' title="bbox 1031 1156 1822 1194">
    <p class='ocr_par' dir='ltr' id='par_1_84' title="bbox 1031 1156 1822 1194">
     <span class='ocr_line' id='line_1_84' title="bbox 1031 1156 1822 1194; baseline 0.004 -12"><span class='ocrx_word' id='word_1_616' title='bbox 1031 1156 1067 1182; x_wconf 87' lang='lat' dir='ltr'><strong>tui</strong></span> <span class='ocrx_word' id='word_1_617' title='bbox 1076 1157 1168 1183; x_wconf 79' lang='lat' dir='ltr'><strong>clamat</strong></span> <span class='ocrx_word' id='word_1_618' title='bbox 1182 1157 1216 1184; x_wconf 85' lang='lat' dir='ltr'><strong>ad</strong></span> <span class='ocrx_word' id='word_1_619' title='bbox 1229 1165 1268 1184; x_wconf 90' lang='lat' dir='ltr'><strong>me</strong></span> <span class='ocrx_word' id='word_1_620' title='bbox 1281 1157 1312 1184; x_wconf 79' lang='lat' dir='ltr'><strong>de</strong></span> <span class='ocrx_word' id='word_1_621' title='bbox 1325 1162 1391 1184; x_wconf 80' lang='lat' dir='ltr'><strong>terra</strong></span> <span class='ocrx_word' id='word_1_622' title='bbox 1404 1157 1479 1194; x_wconf 85' lang='lat' dir='ltr'><strong>(Gen.</strong></span> <span class='ocrx_word' id='word_1_623' title='bbox 1493 1158 1520 1185; x_wconf 70' lang='grc'><strong>4.</strong></span> <span class='ocrx_word' id='word_1_624' title='bbox 1532 1158 1559 1184; x_wconf 90' lang='grc'><strong>9.</strong></span> <span class='ocrx_word' id='word_1_625' title='bbox 1571 1158 1626 1192; x_wconf 80' lang='grc'><strong>10).</strong></span> <span class='ocrx_word' id='word_1_626' title='bbox 1640 1158 1715 1193; x_wconf 67' lang='lat' dir='ltr'><strong>Ipsa},</strong></span> <span class='ocrx_word' id='word_1_627' title='bbox 1728 1159 1822 1193; x_wconf 85' lang='lat' dir='ltr'><strong>inquit,</strong></span> 
     </span>
    </p>
   </div>
   <div class='ocr_carea' id='block_1_85' title="bbox 1031 1202 1822 1238">
    <p class='ocr_par' dir='ltr' id='par_1_85' title="bbox 1031 1202 1822 1238">
     <span class='ocr_line' id='line_1_85' title="bbox 1031 1202 1822 1238; baseline 0.003 -10"><span class='ocrx_word' id='word_1_628' title='bbox 1031 1209 1074 1228; x_wconf 89' lang='lat' dir='ltr'><strong>res</strong></span> <span class='ocrx_word' id='word_1_629' title='bbox 1098 1202 1241 1236; x_wconf 71' lang='lat' dir='ltr'><strong>prmdicant</strong></span> <span class='ocrx_word' id='word_1_630' title='bbox 1266 1208 1292 1230; x_wconf 90' lang='lat' dir='ltr'><strong>te</strong></span> <span class='ocrx_word' id='word_1_631' title='bbox 1316 1203 1460 1230; x_wconf 90' lang='lat' dir='ltr'><strong>homicidio</strong></span> <span class='ocrx_word' id='word_1_632' title='bbox 1481 1203 1655 1238; x_wconf 91' lang='lat' dir='ltr'><strong>inquinatum.</strong></span> <span class='ocrx_word' id='word_1_633' title='bbox 1673 1203 1742 1237; x_wconf 87' lang='lat' dir='ltr'><strong>Quid</strong></span> <span class='ocrx_word' id='word_1_634' title='bbox 1760 1204 1822 1231; x_wconf 87' lang='lat' dir='ltr'><strong>ille?</strong></span> 
     </span>
    </p>
   </div>
   <div class='ocr_carea' id='block_1_86' title="bbox 1032 1247 1822 1284">
    <p class='ocr_par' dir='ltr' id='par_1_86' title="bbox 1032 1247 1822 1284">
     <span class='ocr_line' id='line_1_86' title="bbox 1032 1247 1822 1284; baseline 0.004 -10"><span class='ocrx_word' id='word_1_635' title='bbox 1032 1247 1119 1283; x_wconf 73' lang='lat' dir='ltr'><strong>Majas</strong></span> <span class='ocrx_word' id='word_1_636' title='bbox 1133 1253 1167 1275; x_wconf 73' lang='lat' dir='ltr'><strong>est</strong></span> <span class='ocrx_word' id='word_1_637' title='bbox 1180 1255 1308 1283; x_wconf 79' lang='lat' dir='ltr'><strong>peccatum</strong></span> <span class='ocrx_word' id='word_1_638' title='bbox 1323 1257 1415 1282; x_wconf 77' lang='lat' dir='ltr'><strong>meum,</strong></span> <span class='ocrx_word' id='word_1_639' title='bbox 1431 1257 1506 1284; x_wconf 81' lang='lat' dir='ltr'><strong>quant</strong></span> <span class='ocrx_word' id='word_1_640' title='bbox 1521 1255 1547 1276; x_wconf 84' lang='grc' dir='ltr'><strong>ιιι</strong></span> <span class='ocrx_word' id='word_1_641' title='bbox 1562 1250 1622 1276; x_wconf 82' lang='lat' dir='ltr'><strong>mihi</strong></span> <span class='ocrx_word' id='word_1_642' title='bbox 1634 1251 1784 1283; x_wconf 80' lang='lat' dir='ltr'><strong>remittatur,</strong></span> <span class='ocrx_word' id='word_1_643' title='bbox 1799 1255 1822 1277; x_wconf 79' lang='lat' dir='ltr'><strong>ct</strong></span> 
     </span>
    </p>
   </div>
   <div class='ocr_carea' id='block_1_87' title="bbox 1030 1293 1826 1330">
    <p class='ocr_par' dir='ltr' id='par_1_87' title="bbox 1030 1293 1826 1330">
     <span class='ocr_line' id='line_1_87' title="bbox 1030 1293 1826 1330; baseline 0.004 -11"><span class='ocrx_word' id='word_1_644' title='bbox 1030 1293 1052 1320; x_wconf 84' lang='lat' dir='ltr'><strong>si</strong></span> <span class='ocrx_word' id='word_1_645' title='bbox 1076 1294 1163 1328; x_wconf 83' lang='lat' dir='ltr'><strong>ejicias</strong></span> <span class='ocrx_word' id='word_1_646' title='bbox 1184 1302 1223 1321; x_wconf 87' lang='lat' dir='ltr'><strong>me</strong></span> <span class='ocrx_word' id='word_1_647' title='bbox 1245 1295 1276 1321; x_wconf 76' lang='lat' dir='ltr'><strong>de</strong></span> <span class='ocrx_word' id='word_1_648' title='bbox 1300 1300 1377 1327; x_wconf 82' lang='lat' dir='ltr'><strong>terra,</strong></span> <span class='ocrx_word' id='word_1_649' title='bbox 1399 1295 1473 1321; x_wconf 87' lang='lat' dir='ltr'><strong>etiam</strong></span> <span class='ocrx_word' id='word_1_650' title='bbox 1495 1303 1510 1322; x_wconf 89' lang='lat' dir='ltr'><strong>a</strong></span> <span class='ocrx_word' id='word_1_651' title='bbox 1533 1295 1598 1330; x_wconf 84' lang='lat' dir='ltr'><strong>facie</strong></span> <span class='ocrx_word' id='word_1_652' title='bbox 1617 1301 1660 1322; x_wconf 84' lang='lat' dir='ltr'><strong>tua</strong></span> <span class='ocrx_word' id='word_1_653' title='bbox 1679 1296 1826 1325; x_wconf 78' lang='lat' dir='ltr'><strong>orcultabor,</strong></span> 
     </span>
    </p>
   </div>
   <div class='ocr_carea' id='block_1_88' title="bbox 1033 1338 1821 1375">
    <p class='ocr_par' dir='ltr' id='par_1_88' title="bbox 1033 1338 1821 1375">
     <span class='ocr_line' id='line_1_88' title="bbox 1033 1338 1821 1375; baseline 0.004 -10"><span class='ocrx_word' id='word_1_654' title='bbox 1033 1338 1112 1374; x_wconf 84' lang='lat' dir='ltr'><strong>(Ibid.</strong></span> <span class='ocrx_word' id='word_1_655' title='bbox 1126 1347 1149 1366; x_wconf 88' lang='grc' dir='ltr'><strong>υ.</strong></span> <span class='ocrx_word' id='word_1_656' title='bbox 1166 1340 1206 1367; x_wconf 79' lang='lat' dir='ltr'><strong>t5.</strong></span> <span class='ocrx_word' id='word_1_657' title='bbox 1225 1340 1278 1375; x_wconf 74' lang='grc'><strong>14).</strong></span> <span class='ocrx_word' id='word_1_658' title='bbox 1297 1340 1379 1375; x_wconf 91' lang='lat' dir='ltr'><strong>llnjus</strong></span> <span class='ocrx_word' id='word_1_659' title='bbox 1389 1341 1520 1368; x_wconf 89' lang='lat' dir='ltr'><strong>sermonis</strong></span> <span class='ocrx_word' id='word_1_660' title='bbox 1531 1341 1660 1368; x_wconf 87' lang='lat' dir='ltr'><strong>sententia</strong></span> <span class='ocrx_word' id='word_1_661' title='bbox 1675 1342 1712 1368; x_wconf 91' lang='lat' dir='ltr'><strong>sic</strong></span> <span class='ocrx_word' id='word_1_662' title='bbox 1723 1341 1801 1369; x_wconf 89' lang='lat' dir='ltr'><strong>habet</strong></span> <span class='ocrx_word' id='word_1_663' title='bbox 1815 1351 1821 1368; x_wconf 89' lang='lat'>:</span> 
     </span>
    </p>
   </div>
   <div class='ocr_carea' id='block_1_89' title="bbox 1030 1386 1821 1422">
    <p class='ocr_par' dir='ltr' id='par_1_89' title="bbox 1030 1386 1821 1422">
     <span class='ocr_line' id='line_1_89' title="bbox 1030 1386 1821 1422; baseline 0.005 -11"><span class='ocrx_word' id='word_1_664' title='bbox 1030 1386 1152 1420; x_wconf 79' lang='lat' dir='ltr'><strong>graviora</strong></span> <span class='ocrx_word' id='word_1_665' title='bbox 1166 1386 1271 1421; x_wconf 86' lang='lat' dir='ltr'><strong>quidem</strong></span> <span class='ocrx_word' id='word_1_666' title='bbox 1285 1387 1418 1419; x_wconf 87' lang='lat' dir='ltr'><strong>commisi,</strong></span> <span class='ocrx_word' id='word_1_667' title='bbox 1436 1395 1513 1422; x_wconf 89' lang='lat' dir='ltr'><strong>quam</strong></span> <span class='ocrx_word' id='word_1_668' title='bbox 1535 1392 1564 1414; x_wconf 92' lang='lat' dir='ltr'><strong>ut</strong></span> <span class='ocrx_word' id='word_1_669' title='bbox 1579 1388 1681 1415; x_wconf 91' lang='lat' dir='ltr'><strong>veniam</strong></span> <span class='ocrx_word' id='word_1_670' title='bbox 1698 1396 1821 1415; x_wconf 72' lang='lat' dir='ltr'><strong>mercan-</strong></span> 
     </span>
    </p>
   </div>
   <div class='ocr_carea' id='block_1_90' title="bbox 1032 1433 1822 1468">
    <p class='ocr_par' dir='ltr' id='par_1_90' title="bbox 1032 1433 1822 1468">
     <span class='ocr_line' id='line_1_90' title="bbox 1032 1433 1822 1468; baseline 0.005 -10"><span class='ocrx_word' id='word_1_671' title='bbox 1032 1436 1083 1464; x_wconf 88' lang='lat' dir='ltr'><strong>tur,</strong></span> <span class='ocrx_word' id='word_1_672' title='bbox 1095 1437 1142 1459; x_wconf 91' lang='lat' dir='ltr'><strong>aut</strong></span> <span class='ocrx_word' id='word_1_673' title='bbox 1155 1433 1276 1460; x_wconf 84' lang='lat' dir='ltr'><strong>excusari</strong></span> <span class='ocrx_word' id='word_1_674' title='bbox 1292 1434 1395 1468; x_wconf 90' lang='lat' dir='ltr'><strong>possint</strong></span> <span class='ocrx_word' id='word_1_675' title='bbox 1410 1438 1454 1460; x_wconf 90' lang='lat' dir='ltr'><strong>aut</strong></span> <span class='ocrx_word' id='word_1_676' title='bbox 1467 1434 1641 1461; x_wconf 86' lang='lat' dir='ltr'><strong>condonanda</strong></span> <span class='ocrx_word' id='word_1_677' title='bbox 1653 1435 1722 1465; x_wconf 79' lang='lat' dir='ltr'><strong>sint;</strong></span> <span class='ocrx_word' id='word_1_678' title='bbox 1738 1435 1783 1462; x_wconf 90' lang='lat' dir='ltr'><strong>scd</strong></span> <span class='ocrx_word' id='word_1_679' title='bbox 1799 1435 1822 1463; x_wconf 92' lang='lat' dir='ltr'><strong>si</strong></span> 
     </span>
    </p>
   </div>
   <div class='ocr_carea' id='block_1_91' title="bbox 1030 1478 1823 1513">
    <p class='ocr_par' dir='ltr' id='par_1_91' title="bbox 1030 1478 1823 1513">
     <span class='ocr_line' id='line_1_91' title="bbox 1030 1478 1823 1513; baseline 0.003 -9"><span class='ocrx_word' id='word_1_680' title='bbox 1030 1478 1096 1504; x_wconf 88' lang='lat' dir='ltr'><strong>velis</strong></span> <span class='ocrx_word' id='word_1_681' title='bbox 1117 1478 1206 1505; x_wconf 88' lang='lat' dir='ltr'><strong>ulcisci</strong></span> <span class='ocrx_word' id='word_1_682' title='bbox 1229 1479 1299 1513; x_wconf 91' lang='lat' dir='ltr'><strong>quod</strong></span> <span class='ocrx_word' id='word_1_683' title='bbox 1320 1478 1419 1506; x_wconf 87' lang='lat' dir='ltr'><strong>factttm</strong></span> <span class='ocrx_word' id='word_1_684' title='bbox 1439 1484 1494 1512; x_wconf 81' lang='lat' dir='ltr'><strong>est,</strong></span> <span class='ocrx_word' id='word_1_685' title='bbox 1510 1479 1634 1506; x_wconf 91' lang='lat' dir='ltr'><strong>omnibus</strong></span> <span class='ocrx_word' id='word_1_686' title='bbox 1648 1479 1759 1513; x_wconf 86' lang='lat' dir='ltr'><strong>objiciar</strong></span> <span class='ocrx_word' id='word_1_687' title='bbox 1778 1485 1823 1506; x_wconf 88' lang='lat' dir='ltr'><strong>ttm</strong></span> 
     </span>
    </p>
   </div>
   <div class='ocr_carea' id='block_1_92' title="bbox 1030 1523 1821 1560">
    <p class='ocr_par' dir='ltr' id='par_1_92' title="bbox 1030 1523 1821 1560">
     <span class='ocr_line' id='line_1_92' title="bbox 1030 1523 1821 1560; baseline 0.004 -11"><span class='ocrx_word' id='word_1_688' title='bbox 1030 1523 1129 1550; x_wconf 84' lang='lat' dir='ltr'><strong>auxilio</strong></span> <span class='ocrx_word' id='word_1_689' title='bbox 1140 1523 1292 1550; x_wconf 83' lang='lat' dir='ltr'><strong>destitutus.</strong></span> <span class='ocrx_word' id='word_1_690' title='bbox 1306 1523 1374 1557; x_wconf 86' lang='lat' dir='ltr'><strong>Quid</strong></span> <span class='ocrx_word' id='word_1_691' title='bbox 1390 1524 1468 1558; x_wconf 80' lang='lat' dir='ltr'><strong>igitur</strong></span> <span class='ocrx_word' id='word_1_692' title='bbox 1482 1524 1570 1551; x_wconf 80' lang='lat' dir='ltr'><strong>Deus?</strong></span> <span class='ocrx_word' id='word_1_693' title='bbox 1582 1524 1642 1552; x_wconf 76' lang='lat' dir='ltr'><strong>Non</strong></span> <span class='ocrx_word' id='word_1_694' title='bbox 1656 1525 1703 1557; x_wconf 82' lang='lat' dir='ltr'><strong>sic,</strong></span> <span class='ocrx_word' id='word_1_695' title='bbox 1719 1525 1821 1560; x_wconf 86' lang='lat' dir='ltr'><strong>inquit;</strong></span> 
     </span>
    </p>
   </div>
   <div class='ocr_carea' id='block_1_93' title="bbox 1028 1568 1821 1607">
    <p class='ocr_par' dir='ltr' id='par_1_93' title="bbox 1028 1568 1821 1607">
     <span class='ocr_line' id='line_1_93' title="bbox 1028 1568 1821 1607; baseline 0.005 -13"><span class='ocrx_word' id='word_1_696' title='bbox 1028 1568 1139 1603; x_wconf 78' lang='lat' dir='ltr'><strong>quisquis</strong></span> <span class='ocrx_word' id='word_1_697' title='bbox 1155 1569 1274 1595; x_wconf 79' lang='lat' dir='ltr'><strong>occiderit</strong></span> <span class='ocrx_word' id='word_1_698' title='bbox 1289 1569 1362 1602; x_wconf 85' lang='lat' dir='ltr'><strong>Cain,</strong></span> <span class='ocrx_word' id='word_1_699' title='bbox 1373 1574 1468 1604; x_wconf 83' lang='lat' dir='ltr'><strong>septem</strong></span> <span class='ocrx_word' id='word_1_700' title='bbox 1487 1570 1610 1597; x_wconf 79' lang='lat' dir='ltr'><strong>vindictas</strong></span> <span class='ocrx_word' id='word_1_701' title='bbox 1635 1571 1756 1605; x_wconf 71' lang='lat' dir='ltr'><strong>persolvet</strong></span> <span class='ocrx_word' id='word_1_702' title='bbox 1769 1571 1821 1607; x_wconf 77' lang='lat' dir='ltr'><strong>(III.</strong></span> 
     </span>
    </p>
   </div>
   <div class='ocr_carea' id='block_1_94' title="bbox 1029 1614 1820 1652">
    <p class='ocr_par' dir='ltr' id='par_1_94' title="bbox 1029 1614 1820 1652">
     <span class='ocr_line' id='line_1_94' title="bbox 1029 1614 1820 1652; baseline 0.005 -13"><span class='ocrx_word' id='word_1_703' title='bbox 1029 1619 1053 1638; x_wconf 86' lang='grc' dir='ltr'><strong>υ.</strong></span> <span class='ocrx_word' id='word_1_704' title='bbox 1073 1614 1128 1648; x_wconf 79' lang='grc'><strong>15).</strong></span> <span class='ocrx_word' id='word_1_705' title='bbox 1146 1614 1185 1642; x_wconf 89' lang='lat' dir='ltr'><strong>Nc</strong></span> <span class='ocrx_word' id='word_1_706' title='bbox 1197 1619 1310 1646; x_wconf 88' lang='lat' dir='ltr'><strong>metuas,</strong></span> <span class='ocrx_word' id='word_1_707' title='bbox 1325 1615 1420 1650; x_wconf 87' lang='lat' dir='ltr'><strong>inquit,</strong></span> <span class='ocrx_word' id='word_1_708' title='bbox 1434 1616 1502 1648; x_wconf 88' lang='lat' dir='ltr'><strong>hoc;</strong></span> <span class='ocrx_word' id='word_1_709' title='bbox 1519 1617 1591 1643; x_wconf 86' lang='lat' dir='ltr'><strong>vives</strong></span> <span class='ocrx_word' id='word_1_710' title='bbox 1604 1617 1709 1652; x_wconf 73' lang='lat' dir='ltr'><strong>longam</strong></span> <span class='ocrx_word' id='word_1_711' title='bbox 1723 1617 1820 1651; x_wconf 89' lang='lat' dir='ltr'><strong>vitam,</strong></span> 
     </span>
    </p>
   </div>
   <div class='ocr_carea' id='block_1_95' title="bbox 1030 1659 1821 1697">
    <p class='ocr_par' dir='ltr' id='par_1_95' title="bbox 1030 1659 1821 1697">
     <span class='ocr_line' id='line_1_95' title="bbox 1030 1659 1821 1697; baseline 0.006 -12"><span class='ocrx_word' id='word_1_712' title='bbox 1030 1666 1063 1686; x_wconf 86' lang='lat' dir='ltr'><strong>ac</strong></span> <span class='ocrx_word' id='word_1_713' title='bbox 1082 1660 1105 1686; x_wconf 90' lang='lat' dir='ltr'><strong>si</strong></span> <span class='ocrx_word' id='word_1_714' title='bbox 1121 1659 1181 1694; x_wconf 89' lang='lat' dir='ltr'><strong>quis</strong></span> <span class='ocrx_word' id='word_1_715' title='bbox 1196 1664 1221 1687; x_wconf 91' lang='lat' dir='ltr'><strong>te</strong></span> <span class='ocrx_word' id='word_1_716' title='bbox 1234 1660 1376 1693; x_wconf 87' lang='lat' dir='ltr'><strong>occiderit,</strong></span> <span class='ocrx_word' id='word_1_717' title='bbox 1397 1661 1526 1688; x_wconf 88' lang='lat' dir='ltr'><strong>obnoxius</strong></span> <span class='ocrx_word' id='word_1_718' title='bbox 1541 1662 1591 1688; x_wconf 90' lang='lat' dir='ltr'><strong>erit</strong></span> <span class='ocrx_word' id='word_1_719' title='bbox 1611 1662 1701 1690; x_wconf 87' lang='lat' dir='ltr'><strong>multis</strong></span> <span class='ocrx_word' id='word_1_720' title='bbox 1721 1663 1821 1697; x_wconf 85' lang='lat' dir='ltr'><strong>suppli-</strong></span> 
     </span>
    </p>
   </div>
   <div class='ocr_carea' id='block_1_96' title="bbox 1030 1705 1821 1743">
    <p class='ocr_par' dir='ltr' id='par_1_96' title="bbox 1030 1705 1821 1743">
     <span class='ocr_line' id='line_1_96' title="bbox 1030 1705 1821 1743; baseline 0.006 -12"><span class='ocrx_word' id='word_1_721' title='bbox 1030 1705 1088 1732; x_wconf 91' lang='lat' dir='ltr'><strong>ciis.</strong></span> <span class='ocrx_word' id='word_1_722' title='bbox 1109 1705 1174 1733; x_wconf 90' lang='lat' dir='ltr'><strong>Nam</strong></span> <span class='ocrx_word' id='word_1_723' title='bbox 1189 1707 1355 1740; x_wconf 83' lang='lat' dir='ltr'><strong>septenarius</strong></span> <span class='ocrx_word' id='word_1_724' title='bbox 1369 1715 1496 1735; x_wconf 90' lang='lat' dir='ltr'><strong>numerus</strong></span> <span class='ocrx_word' id='word_1_725' title='bbox 1511 1708 1537 1735; x_wconf 91' lang='lat' dir='ltr'><strong>in</strong></span> <span class='ocrx_word' id='word_1_726' title='bbox 1552 1708 1695 1743; x_wconf 89' lang='lat' dir='ltr'><strong>Scriptttris</strong></span> <span class='ocrx_word' id='word_1_727' title='bbox 1712 1709 1821 1736; x_wconf 75' lang='lat' dir='ltr'><strong>inlinita:</strong></span> 
     </span>
    </p>
   </div>
   <div class='ocr_carea' id='block_1_97' title="bbox 1031 1750 1821 1789">
    <p class='ocr_par' dir='ltr' id='par_1_97' title="bbox 1031 1750 1821 1789">
     <span class='ocr_line' id='line_1_97' title="bbox 1031 1750 1821 1789; baseline 0.005 -12"><span class='ocrx_word' id='word_1_728' title='bbox 1031 1750 1209 1778; x_wconf 85' lang='lat' dir='ltr'><strong>multitudinis</strong></span> <span class='ocrx_word' id='word_1_729' title='bbox 1231 1752 1451 1786; x_wconf 81' lang='lat' dir='ltr'><strong>significationem</strong></span> <span class='ocrx_word' id='word_1_730' title='bbox 1475 1753 1563 1781; x_wconf 87' lang='lat' dir='ltr'><strong>habet.</strong></span> <span class='ocrx_word' id='word_1_731' title='bbox 1588 1754 1718 1786; x_wconf 83' lang='lat' dir='ltr'><strong>Quoniam</strong></span> <span class='ocrx_word' id='word_1_732' title='bbox 1741 1755 1821 1789; x_wconf 82' lang='lat' dir='ltr'><strong>igitur</strong></span> 
     </span>
    </p>
   </div>
   <div class='ocr_carea' id='block_1_98' title="bbox 1030 1795 1821 1832">
    <p class='ocr_par' dir='ltr' id='par_1_98' title="bbox 1030 1795 1821 1832">
     <span class='ocr_line' id='line_1_98' title="bbox 1030 1795 1821 1832; baseline 0.006 -10"><span class='ocrx_word' id='word_1_733' title='bbox 1030 1795 1094 1822; x_wconf 84' lang='lat' dir='ltr'><strong>Cain</strong></span> <span class='ocrx_word' id='word_1_734' title='bbox 1110 1797 1200 1824; x_wconf 86' lang='lat' dir='ltr'><strong>multis</strong></span> <span class='ocrx_word' id='word_1_735' title='bbox 1215 1797 1351 1832; x_wconf 89' lang='lat' dir='ltr'><strong>sttppliciis</strong></span> <span class='ocrx_word' id='word_1_736' title='bbox 1369 1798 1498 1826; x_wconf 82' lang='lat' dir='ltr'><strong>obnoxius</strong></span> <span class='ocrx_word' id='word_1_737' title='bbox 1516 1804 1572 1826; x_wconf 89' lang='lat' dir='ltr'><strong>erat</strong></span> <span class='ocrx_word' id='word_1_738' title='bbox 1583 1820 1590 1832; x_wconf 94' lang='lat'><strong>,</strong></span> <span class='ocrx_word' id='word_1_739' title='bbox 1607 1801 1732 1827; x_wconf 83' lang='lat' dir='ltr'><strong>anxietati</strong></span> <span class='ocrx_word' id='word_1_740' title='bbox 1744 1821 1751 1832; x_wconf 91' lang='lat'><strong>,</strong></span> <span class='ocrx_word' id='word_1_741' title='bbox 1768 1805 1821 1827; x_wconf 89' lang='lat' dir='ltr'><strong>tre-</strong></span> 
     </span>
    </p>
   </div>
   <div class='ocr_carea' id='block_1_99' title="bbox 1031 1842 1821 1883">
    <p class='ocr_par' dir='ltr' id='par_1_99' title="bbox 1031 1842 1821 1883">
     <span class='ocr_line' id='line_1_99' title="bbox 1031 1842 1821 1883; baseline 0.009 -14"><span class='ocrx_word' id='word_1_742' title='bbox 1031 1842 1116 1875; x_wconf 88' lang='lat' dir='ltr'><strong>tnori,</strong></span> <span class='ocrx_word' id='word_1_743' title='bbox 1136 1843 1268 1878; x_wconf 89' lang='lat' dir='ltr'><strong>suspiriis,</strong></span> <span class='ocrx_word' id='word_1_744' title='bbox 1291 1845 1410 1877; x_wconf 76' lang='lat' dir='ltr'><strong>maerori,</strong></span> <span class='ocrx_word' id='word_1_745' title='bbox 1427 1845 1594 1873; x_wconf 89' lang='lat' dir='ltr'><strong>dissolutioni</strong></span> <span class='ocrx_word' id='word_1_746' title='bbox 1616 1849 1735 1882; x_wconf 79' lang='lat' dir='ltr'><strong>corporis</strong></span> <span class='ocrx_word' id='word_1_747' title='bbox 1752 1858 1758 1876; x_wconf 87' lang='lat'>:</span> <span class='ocrx_word' id='word_1_748' title='bbox 1776 1849 1821 1883; x_wconf 90' lang='lat' dir='ltr'><strong>qui</strong></span> 
     </span>
    </p>
   </div>
   <div class='ocr_carea' id='block_1_100' title="bbox 1031 1889 1820 1930">
    <p class='ocr_par' dir='ltr' id='par_1_100' title="bbox 1031 1889 1820 1930">
     <span class='ocr_line' id='line_1_100' title="bbox 1031 1889 1820 1930; baseline 0.01 -15"><span class='ocrx_word' id='word_1_749' title='bbox 1031 1889 1168 1923; x_wconf 88' lang='lat' dir='ltr'><strong>occiderit,</strong></span> <span class='ocrx_word' id='word_1_750' title='bbox 1181 1890 1276 1925; x_wconf 89' lang='lat' dir='ltr'><strong>inquit,</strong></span> <span class='ocrx_word' id='word_1_751' title='bbox 1292 1895 1328 1924; x_wconf 90' lang='lat' dir='ltr'><strong>te,</strong></span> <span class='ocrx_word' id='word_1_752' title='bbox 1340 1896 1367 1918; x_wconf 92' lang='lat' dir='ltr'><strong>et</strong></span> <span class='ocrx_word' id='word_1_753' title='bbox 1381 1892 1414 1919; x_wconf 91' lang='lat' dir='ltr'><strong>ab</strong></span> <span class='ocrx_word' id='word_1_754' title='bbox 1428 1892 1479 1919; x_wconf 86' lang='lat' dir='ltr'><strong>illis</strong></span> <span class='ocrx_word' id='word_1_755' title='bbox 1489 1893 1601 1921; x_wconf 87' lang='lat' dir='ltr'><strong>vinculis</strong></span> <span class='ocrx_word' id='word_1_756' title='bbox 1617 1894 1745 1927; x_wconf 76' lang='lat' dir='ltr'><strong>liberarit,</strong></span> <span class='ocrx_word' id='word_1_757' title='bbox 1762 1895 1820 1930; x_wconf 87' lang='lat' dir='ltr'><strong>ipse</strong></span> 
     </span>
    </p>
   </div>
   <div class='ocr_carea' id='block_1_101' title="bbox 1031 1935 1817 1977">
    <p class='ocr_par' dir='ltr' id='par_1_101' title="bbox 1031 1935 1817 1977">
     <span class='ocr_line' id='line_1_101' title="bbox 1031 1935 1817 1977; baseline 0.008 -15"><span class='ocrx_word' id='word_1_758' title='bbox 1031 1935 1058 1962; x_wconf 90' lang='lat' dir='ltr'><strong>in</strong></span> <span class='ocrx_word' id='word_1_759' title='bbox 1077 1943 1106 1963; x_wconf 90' lang='lat' dir='ltr'><strong>se</strong></span> <span class='ocrx_word' id='word_1_760' title='bbox 1120 1936 1248 1964; x_wconf 88' lang='lat' dir='ltr'><strong>vindictas</strong></span> <span class='ocrx_word' id='word_1_761' title='bbox 1261 1943 1390 1965; x_wconf 87' lang='lat' dir='ltr'><strong>accersct.</strong></span> <span class='ocrx_word' id='word_1_762' title='bbox 1406 1939 1443 1966; x_wconf 93' lang='lat' dir='ltr'><strong>Ac</strong></span> <span class='ocrx_word' id='word_1_763' title='bbox 1461 1939 1565 1967; x_wconf 89' lang='lat' dir='ltr'><strong>videtur</strong></span> <span class='ocrx_word' id='word_1_764' title='bbox 1584 1940 1691 1975; x_wconf 89' lang='lat' dir='ltr'><strong>quidem</strong></span> <span class='ocrx_word' id='word_1_765' title='bbox 1707 1941 1733 1968; x_wconf 91' lang='lat' dir='ltr'><strong>id</strong></span> <span class='ocrx_word' id='word_1_766' title='bbox 1747 1942 1817 1977; x_wconf 92' lang='lat' dir='ltr'><strong>quod</strong></span> 
     </span>
    </p>
   </div>
   <div class='ocr_carea' id='block_1_102' title="bbox 1030 1983 1821 2019">
    <p class='ocr_par' dir='ltr' id='par_1_102' title="bbox 1030 1983 1821 2019">
     <span class='ocr_line' id='line_1_102' title="bbox 1030 1983 1821 2019; baseline 0.006 -9"><span class='ocrx_word' id='word_1_767' title='bbox 1030 1983 1136 2015; x_wconf 88' lang='lat' dir='ltr'><strong>dicitur,</strong></span> <span class='ocrx_word' id='word_1_768' title='bbox 1149 1984 1323 2012; x_wconf 86' lang='lat' dir='ltr'><strong>vehementer</strong></span> <span class='ocrx_word' id='word_1_769' title='bbox 1335 1989 1410 2012; x_wconf 85' lang='lat' dir='ltr'><strong>atrox</strong></span> <span class='ocrx_word' id='word_1_770' title='bbox 1428 1993 1497 2019; x_wconf 86' lang='lat' dir='ltr'><strong>esse,</strong></span> <span class='ocrx_word' id='word_1_771' title='bbox 1519 1994 1578 2013; x_wconf 91' lang='lat' dir='ltr'><strong>cum</strong></span> <span class='ocrx_word' id='word_1_772' title='bbox 1592 1991 1684 2014; x_wconf 85' lang='lat' dir='ltr'><strong>contra</strong></span> <span class='ocrx_word' id='word_1_773' title='bbox 1705 1987 1821 2015; x_wconf 87' lang='lat' dir='ltr'><strong>declaret</strong></span> 
     </span>
    </p>
   </div>
   <div class='ocr_carea' id='block_1_103' title="bbox 1030 2029 1820 2067">
    <p class='ocr_par' dir='ltr' id='par_1_103' title="bbox 1030 2029 1820 2067">
     <span class='ocr_line' id='line_1_103' title="bbox 1030 2029 1820 2067; baseline 0.006 -11"><span class='ocrx_word' id='word_1_774' title='bbox 1030 2029 1135 2056; x_wconf 91' lang='lat' dir='ltr'><strong>Domini</strong></span> <span class='ocrx_word' id='word_1_775' title='bbox 1151 2030 1373 2057; x_wconf 86' lang='lat' dir='ltr'><strong>benevolentiam.</strong></span> <span class='ocrx_word' id='word_1_776' title='bbox 1388 2031 1493 2058; x_wconf 89' lang='lat' dir='ltr'><strong>Etenim</strong></span> <span class='ocrx_word' id='word_1_777' title='bbox 1509 2031 1579 2059; x_wconf 87' lang='lat' dir='ltr'><strong>Deus</strong></span> <span class='ocrx_word' id='word_1_778' title='bbox 1595 2032 1686 2060; x_wconf 89' lang='lat' dir='ltr'><strong>volens</strong></span> <span class='ocrx_word' id='word_1_779' title='bbox 1699 2038 1820 2067; x_wconf 87' lang='lat' dir='ltr'><strong>posteros</strong></span> 
     </span>
    </p>
   </div>
   <div class='ocr_carea' id='block_1_104' title="bbox 1030 2074 1820 2112">
    <p class='ocr_par' dir='ltr' id='par_1_104' title="bbox 1030 2074 1820 2112">
     <span class='ocr_line' id='line_1_104' title="bbox 1030 2074 1820 2112; baseline 0.005 -11"><span class='ocrx_word' id='word_1_780' title='bbox 1030 2074 1063 2101; x_wconf 89' lang='lat' dir='ltr'><strong>ad</strong></span> <span class='ocrx_word' id='word_1_781' title='bbox 1078 2075 1279 2110; x_wconf 81' lang='lat' dir='ltr'><strong>temperantiam</strong></span> <span class='ocrx_word' id='word_1_782' title='bbox 1294 2075 1436 2110; x_wconf 88' lang='lat' dir='ltr'><strong>adducere,</strong></span> <span class='ocrx_word' id='word_1_783' title='bbox 1449 2076 1501 2103; x_wconf 91' lang='lat' dir='ltr'><strong>tale</strong></span> <span class='ocrx_word' id='word_1_784' title='bbox 1512 2077 1634 2112; x_wconf 88' lang='lat' dir='ltr'><strong>supplicii</strong></span> <span class='ocrx_word' id='word_1_785' title='bbox 1645 2086 1728 2112; x_wconf 83' lang='lat' dir='ltr'><strong>genus</strong></span> <span class='ocrx_word' id='word_1_786' title='bbox 1742 2086 1820 2106; x_wconf 85' lang='lat' dir='ltr'><strong>exco-</strong></span> 
     </span>
    </p>
   </div>
   <div class='ocr_carea' id='block_1_105' title="bbox 1030 2121 1820 2158">
    <p class='ocr_par' dir='ltr' id='par_1_105' title="bbox 1030 2121 1820 2158">
     <span class='ocr_line' id='line_1_105' title="bbox 1030 2121 1820 2158; baseline 0.005 -10"><span class='ocrx_word' id='word_1_787' title='bbox 1030 2121 1132 2156; x_wconf 83' lang='lat' dir='ltr'><strong>gitavit,</strong></span> <span class='ocrx_word' id='word_1_788' title='bbox 1151 2122 1221 2156; x_wconf 92' lang='lat' dir='ltr'><strong>quod</strong></span> <span class='ocrx_word' id='word_1_789' title='bbox 1236 2122 1300 2149; x_wconf 90' lang='lat' dir='ltr'><strong>Cain</strong></span> <span class='ocrx_word' id='word_1_790' title='bbox 1316 2130 1330 2149; x_wconf 93' lang='lat' dir='ltr'><strong>a</strong></span> <span class='ocrx_word' id='word_1_791' title='bbox 1348 2127 1458 2157; x_wconf 90' lang='lat' dir='ltr'><strong>peccato</strong></span> <span class='ocrx_word' id='word_1_792' title='bbox 1473 2128 1564 2158; x_wconf 90' lang='lat' dir='ltr'><strong>posset</strong></span> <span class='ocrx_word' id='word_1_793' title='bbox 1578 2124 1703 2152; x_wconf 88' lang='lat' dir='ltr'><strong>liberare.</strong></span> <span class='ocrx_word' id='word_1_794' title='bbox 1718 2124 1783 2151; x_wconf 90' lang='lat' dir='ltr'><strong>Nam</strong></span> <span class='ocrx_word' id='word_1_795' title='bbox 1798 2125 1820 2152; x_wconf 86' lang='lat' dir='ltr'><strong>si</strong></span> 
     </span>
    </p>
   </div>
   <div class='ocr_carea' id='block_1_106' title="bbox 1030 2167 1820 2203">
    <p class='ocr_par' dir='ltr' id='par_1_106' title="bbox 1030 2167 1820 2203">
     <span class='ocr_line' id='line_1_106' title="bbox 1030 2167 1820 2203; baseline 0.005 -10"><span class='ocrx_word' id='word_1_796' title='bbox 1030 2167 1150 2201; x_wconf 92' lang='lat' dir='ltr'><strong>protinus</strong></span> <span class='ocrx_word' id='word_1_797' title='bbox 1161 2167 1235 2194; x_wconf 90' lang='lat' dir='ltr'><strong>illum</strong></span> <span class='ocrx_word' id='word_1_798' title='bbox 1248 2167 1433 2200; x_wconf 86' lang='lat' dir='ltr'><strong>interfecisset,</strong></span> <span class='ocrx_word' id='word_1_799' title='bbox 1446 2168 1554 2195; x_wconf 88' lang='lat' dir='ltr'><strong>abiisset</strong></span> <span class='ocrx_word' id='word_1_800' title='bbox 1564 2168 1670 2203; x_wconf 88' lang='lat' dir='ltr'><strong>quidem</strong></span> <span class='ocrx_word' id='word_1_801' title='bbox 1684 2174 1820 2203; x_wconf 89' lang='lat' dir='ltr'><strong>peccatum</strong></span> 
     </span>
    </p>
   </div>
   <div class='ocr_carea' id='block_1_107' title="bbox 1030 2211 1820 2249">
    <p class='ocr_par' dir='ltr' id='par_1_107' title="bbox 1030 2211 1820 2249">
     <span class='ocr_line' id='line_1_107' title="bbox 1030 2211 1820 2249; baseline 0.004 -11"><span class='ocrx_word' id='word_1_802' title='bbox 1030 2211 1056 2238; x_wconf 90' lang='lat' dir='ltr'><strong>in</strong></span> <span class='ocrx_word' id='word_1_803' title='bbox 1080 2219 1139 2239; x_wconf 90' lang='lat' dir='ltr'><strong>sese</strong></span> <span class='ocrx_word' id='word_1_804' title='bbox 1166 2216 1264 2239; x_wconf 90' lang='lat' dir='ltr'><strong>tectum</strong></span> <span class='ocrx_word' id='word_1_805' title='bbox 1289 2211 1390 2244; x_wconf 87' lang='lat' dir='ltr'><strong>ferens,</strong></span> <span class='ocrx_word' id='word_1_806' title='bbox 1415 2220 1500 2247; x_wconf 90' lang='lat' dir='ltr'><strong>neque</strong></span> <span class='ocrx_word' id='word_1_807' title='bbox 1522 2213 1637 2247; x_wconf 89' lang='lat' dir='ltr'><strong>posteris</strong></span> <span class='ocrx_word' id='word_1_808' title='bbox 1664 2214 1718 2241; x_wconf 85' lang='lat' dir='ltr'><strong>ullo</strong></span> <span class='ocrx_word' id='word_1_809' title='bbox 1744 2220 1820 2249; x_wconf 89' lang='lat' dir='ltr'><strong>pacto</strong></span> 
     </span>
    </p>
   </div>
   <div class='ocr_carea' id='block_1_108' title="bbox 1030 2257 1818 2294">
    <p class='ocr_par' dir='ltr' id='par_1_108' title="bbox 1030 2257 1818 2294">
     <span class='ocr_line' id='line_1_108' title="bbox 1030 2257 1818 2294; baseline 0.005 -10"><span class='ocrx_word' id='word_1_810' title='bbox 1030 2257 1125 2285; x_wconf 88' lang='lat' dir='ltr'><strong>fuisset</strong></span> <span class='ocrx_word' id='word_1_811' title='bbox 1137 2258 1267 2293; x_wconf 80' lang='lat' dir='ltr'><strong>cognitus.</strong></span> <span class='ocrx_word' id='word_1_812' title='bbox 1283 2258 1357 2285; x_wconf 86' lang='lat' dir='ltr'><strong>Nunc</strong></span> <span class='ocrx_word' id='word_1_813' title='bbox 1376 2263 1465 2286; x_wconf 91' lang='lat' dir='ltr'><strong>autem</strong></span> <span class='ocrx_word' id='word_1_814' title='bbox 1484 2260 1630 2294; x_wconf 89' lang='lat' dir='ltr'><strong>permissus</strong></span> <span class='ocrx_word' id='word_1_815' title='bbox 1653 2261 1734 2288; x_wconf 93' lang='lat' dir='ltr'><strong>multo</strong></span> <span class='ocrx_word' id='word_1_816' title='bbox 1750 2265 1818 2288; x_wconf 87' lang='lat' dir='ltr'><strong>tem-</strong></span> 
     </span>
    </p>
   </div>
   <div class='ocr_carea' id='block_1_109' title="bbox 1030 2303 1820 2341">
    <p class='ocr_par' dir='ltr' id='par_1_109' title="bbox 1030 2303 1820 2341">
     <span class='ocr_line' id='line_1_109' title="bbox 1030 2303 1820 2341; baseline 0.005 -12"><span class='ocrx_word' id='word_1_817' title='bbox 1030 2311 1094 2338; x_wconf 90' lang='lat' dir='ltr'><strong>pore</strong></span> <span class='ocrx_word' id='word_1_818' title='bbox 1109 2303 1199 2331; x_wconf 89' lang='lat' dir='ltr'><strong>vivere</strong></span> <span class='ocrx_word' id='word_1_819' title='bbox 1211 2304 1236 2330; x_wconf 94' lang='lat' dir='ltr'><strong>in</strong></span> <span class='ocrx_word' id='word_1_820' title='bbox 1251 2303 1296 2330; x_wconf 90' lang='lat' dir='ltr'><strong>illo</strong></span> <span class='ocrx_word' id='word_1_821' title='bbox 1312 2308 1439 2336; x_wconf 86' lang='lat' dir='ltr'><strong>tremore,</strong></span> <span class='ocrx_word' id='word_1_822' title='bbox 1453 2304 1544 2332; x_wconf 89' lang='lat' dir='ltr'><strong>docuit</strong></span> <span class='ocrx_word' id='word_1_823' title='bbox 1553 2305 1646 2332; x_wconf 88' lang='lat' dir='ltr'><strong>obvios</strong></span> <span class='ocrx_word' id='word_1_824' title='bbox 1657 2313 1750 2333; x_wconf 91' lang='lat' dir='ltr'><strong>omnes</strong></span> <span class='ocrx_word' id='word_1_825' title='bbox 1762 2306 1820 2341; x_wconf 86' lang='lat' dir='ltr'><strong>ipso</strong></span> 
     </span>
    </p>
   </div>
   <div class='ocr_carea' id='block_1_110' title="bbox 1030 2350 1820 2388">
    <p class='ocr_par' dir='ltr' id='par_1_110' title="bbox 1030 2350 1820 2388">
     <span class='ocr_line' id='line_1_110' title="bbox 1030 2350 1820 2388; baseline 0.006 -12"><span class='ocrx_word' id='word_1_826' title='bbox 1030 2355 1147 2384; x_wconf 85' lang='lat' dir='ltr'><strong>aspectu,</strong></span> <span class='ocrx_word' id='word_1_827' title='bbox 1158 2350 1377 2386; x_wconf 88' lang='lat' dir='ltr'><strong>vacillationeque</strong></span> <span class='ocrx_word' id='word_1_828' title='bbox 1387 2351 1485 2384; x_wconf 86' lang='lat' dir='ltr'><strong>carnis,</strong></span> <span class='ocrx_word' id='word_1_829' title='bbox 1498 2351 1653 2385; x_wconf 85' lang='lat' dir='ltr'><strong>exhortans,</strong></span> <span class='ocrx_word' id='word_1_830' title='bbox 1668 2360 1701 2380; x_wconf 89' lang='lat' dir='ltr'><strong>ne</strong></span> <span class='ocrx_word' id='word_1_831' title='bbox 1714 2354 1820 2388; x_wconf 91' lang='lat' dir='ltr'><strong>quando</strong></span> 
     </span>
    </p>
   </div>
   <div class='ocr_carea' id='block_1_111' title="bbox 1029 2397 1820 2434">
    <p class='ocr_par' dir='ltr' id='par_1_111' title="bbox 1029 2397 1820 2434">
     <span class='ocr_line' id='line_1_111' title="bbox 1029 2397 1820 2434; baseline 0.005 -11"><span class='ocrx_word' id='word_1_832' title='bbox 1029 2397 1124 2424; x_wconf 88' lang='lat' dir='ltr'><strong>similia</strong></span> <span class='ocrx_word' id='word_1_833' title='bbox 1138 2397 1276 2430; x_wconf 88' lang='lat' dir='ltr'><strong>auderent,</strong></span> <span class='ocrx_word' id='word_1_834' title='bbox 1291 2405 1325 2424; x_wconf 93' lang='lat' dir='ltr'><strong>nc</strong></span> <span class='ocrx_word' id='word_1_835' title='bbox 1339 2398 1435 2424; x_wconf 89' lang='lat' dir='ltr'><strong>similia</strong></span> <span class='ocrx_word' id='word_1_836' title='bbox 1450 2402 1614 2432; x_wconf 87' lang='lat' dir='ltr'><strong>paterentur,</strong></span> <span class='ocrx_word' id='word_1_837' title='bbox 1630 2398 1708 2426; x_wconf 83' lang='lat' dir='ltr'><strong>simul</strong></span> <span class='ocrx_word' id='word_1_838' title='bbox 1723 2405 1750 2426; x_wconf 91' lang='lat' dir='ltr'><strong>et</strong></span> <span class='ocrx_word' id='word_1_839' title='bbox 1763 2400 1820 2434; x_wconf 71' lang='lat' dir='ltr'><strong>ipse</strong></span> 
     </span>
    </p>
   </div>
   <div class='ocr_carea' id='block_1_112' title="bbox 1029 2442 1818 2472">
    <p class='ocr_par' dir='ltr' id='par_1_112' title="bbox 1029 2442 1818 2472">
     <span class='ocr_line' id='line_1_112' title="bbox 1029 2442 1818 2472; baseline 0.001 -2"><span class='ocrx_word' id='word_1_840' title='bbox 1029 2443 1147 2470; x_wconf 90' lang='lat' dir='ltr'><strong>redditus</strong></span> <span class='ocrx_word' id='word_1_841' title='bbox 1159 2447 1200 2470; x_wconf 91' lang='lat' dir='ltr'><strong>est</strong></span> <span class='ocrx_word' id='word_1_842' title='bbox 1214 2442 1317 2470; x_wconf 90' lang='lat' dir='ltr'><strong>melior.</strong></span> <span class='ocrx_word' id='word_1_843' title='bbox 1332 2442 1397 2470; x_wconf 87' lang='lat' dir='ltr'><strong>Nam</strong></span> <span class='ocrx_word' id='word_1_844' title='bbox 1413 2447 1512 2470; x_wconf 87' lang='lat' dir='ltr'><strong>tremor</strong></span> <span class='ocrx_word' id='word_1_845' title='bbox 1525 2448 1551 2470; x_wconf 91' lang='lat' dir='ltr'><strong>et</strong></span> <span class='ocrx_word' id='word_1_846' title='bbox 1565 2443 1643 2470; x_wconf 87' lang='lat' dir='ltr'><strong>timor</strong></span> <span class='ocrx_word' id='word_1_847' title='bbox 1654 2451 1684 2471; x_wconf 89' lang='lat' dir='ltr'><strong>ac</strong></span> <span class='ocrx_word' id='word_1_848' title='bbox 1696 2445 1747 2471; x_wconf 89' lang='lat' dir='ltr'><strong>vita</strong></span> <span class='ocrx_word' id='word_1_849' title='bbox 1759 2453 1818 2472; x_wconf 90' lang='lat' dir='ltr'><strong>cum</strong></span> 
     </span>
    </p>
   </div>
   <div class='ocr_carea' id='block_1_113' title="bbox 1029 2489 1818 2524">
    <p class='ocr_par' dir='ltr' id='par_1_113' title="bbox 1029 2489 1818 2524">
     <span class='ocr_line' id='line_1_113' title="bbox 1029 2489 1818 2524; baseline 0.001 -8"><span class='ocrx_word' id='word_1_850' title='bbox 1029 2489 1162 2517; x_wconf 83' lang='lat' dir='ltr'><strong>anxietate</strong></span> <span class='ocrx_word' id='word_1_851' title='bbox 1177 2494 1294 2524; x_wconf 87' lang='lat' dir='ltr'><strong>peracta,</strong></span> <span class='ocrx_word' id='word_1_852' title='bbox 1308 2490 1480 2524; x_wconf 87' lang='lat' dir='ltr'><strong>corporisque</strong></span> <span class='ocrx_word' id='word_1_853' title='bbox 1500 2489 1649 2522; x_wconf 86' lang='lat' dir='ltr'><strong>dissolutio,</strong></span> <span class='ocrx_word' id='word_1_854' title='bbox 1666 2491 1745 2517; x_wconf 90' lang='lat' dir='ltr'><strong>vclnti</strong></span> <span class='ocrx_word' id='word_1_855' title='bbox 1760 2492 1818 2517; x_wconf 87' lang='lat' dir='ltr'><strong>vin-</strong></span> 
     </span>
    </p>
   </div>
   <div class='ocr_carea' id='block_1_114' title="bbox 1029 2535 1818 2570">
    <p class='ocr_par' dir='ltr' id='par_1_114' title="bbox 1029 2535 1818 2570">
     <span class='ocr_line' id='line_1_114' title="bbox 1029 2535 1818 2570; baseline 0 -8"><span class='ocrx_word' id='word_1_856' title='bbox 1029 2537 1089 2563; x_wconf 92' lang='lat' dir='ltr'><strong>culo</strong></span> <span class='ocrx_word' id='word_1_857' title='bbox 1119 2535 1243 2570; x_wconf 90' lang='lat' dir='ltr'><strong>quopiam</strong></span> <span class='ocrx_word' id='word_1_858' title='bbox 1271 2535 1429 2562; x_wconf 80' lang='lat' dir='ltr'><strong>constrinxit</strong></span> <span class='ocrx_word' id='word_1_859' title='bbox 1458 2535 1531 2562; x_wconf 91' lang='lat' dir='ltr'><strong>illum</strong></span> <span class='ocrx_word' id='word_1_860' title='bbox 1548 2555 1556 2568; x_wconf 87' lang='lat'><strong>,</strong></span> <span class='ocrx_word' id='word_1_861' title='bbox 1587 2543 1672 2570; x_wconf 88' lang='lat' dir='ltr'><strong>neqtte</strong></span> <span class='ocrx_word' id='word_1_862' title='bbox 1699 2536 1818 2570; x_wconf 85' lang='lat' dir='ltr'><strong>permisit</strong></span> 
     </span>
    </p>
   </div>
   <div class='ocr_carea' id='block_1_115' title="bbox 1028 2579 1816 2615">
    <p class='ocr_par' dir='ltr' id='par_1_115' title="bbox 1028 2579 1816 2615">
     <span class='ocr_line' id='line_1_115' title="bbox 1028 2579 1816 2615; baseline 0 -7"><span class='ocrx_word' id='word_1_863' title='bbox 1028 2580 1116 2608; x_wconf 90' lang='lat' dir='ltr'><strong>denuo</strong></span> <span class='ocrx_word' id='word_1_864' title='bbox 1128 2580 1161 2607; x_wconf 91' lang='lat' dir='ltr'><strong>ad</strong></span> <span class='ocrx_word' id='word_1_865' title='bbox 1174 2580 1260 2608; x_wconf 87' lang='lat' dir='ltr'><strong>simile</strong></span> <span class='ocrx_word' id='word_1_866' title='bbox 1279 2579 1381 2607; x_wconf 92' lang='lat' dir='ltr'><strong>facinus</strong></span> <span class='ocrx_word' id='word_1_867' title='bbox 1396 2587 1578 2614; x_wconf 89' lang='lat' dir='ltr'><strong>prorumpere,</strong></span> <span class='ocrx_word' id='word_1_868' title='bbox 1593 2585 1619 2608; x_wconf 89' lang='lat' dir='ltr'><strong>et</strong></span> <span class='ocrx_word' id='word_1_869' title='bbox 1639 2581 1735 2615; x_wconf 89' lang='lat' dir='ltr'><strong>prioris</strong></span> <span class='ocrx_word' id='word_1_870' title='bbox 1752 2582 1816 2608; x_wconf 83' lang='lat' dir='ltr'><strong>assi-</strong></span> 
     </span>
    </p>
   </div>
   <div class='ocr_carea' id='block_1_116' title="bbox 1029 2626 1817 2661">
    <p class='ocr_par' dir='ltr' id='par_1_116' title="bbox 1029 2626 1817 2661">
     <span class='ocr_line' id='line_1_116' title="bbox 1029 2626 1817 2661; baseline 0 -8"><span class='ocrx_word' id='word_1_871' title='bbox 1029 2627 1080 2654; x_wconf 91' lang='lat' dir='ltr'><strong>due</strong></span> <span class='ocrx_word' id='word_1_872' title='bbox 1094 2626 1307 2658; x_wconf 77' lang='lat' dir='ltr'><strong>commonefecit,</strong></span> <span class='ocrx_word' id='word_1_873' title='bbox 1328 2630 1355 2653; x_wconf 90' lang='lat' dir='ltr'><strong>et</strong></span> <span class='ocrx_word' id='word_1_874' title='bbox 1374 2626 1479 2653; x_wconf 85' lang='lat' dir='ltr'><strong>interitu</strong></span> <span class='ocrx_word' id='word_1_875' title='bbox 1499 2627 1581 2661; x_wconf 88' lang='lat' dir='ltr'><strong>ipsius</strong></span> <span class='ocrx_word' id='word_1_876' title='bbox 1595 2627 1709 2653; x_wconf 89' lang='lat' dir='ltr'><strong>animam</strong></span> <span class='ocrx_word' id='word_1_877' title='bbox 1723 2626 1817 2654; x_wconf 89' lang='lat' dir='ltr'><strong>mode-</strong></span> 
     </span>
    </p>
   </div>
   <div class='ocr_carea' id='block_1_117' title="bbox 1028 2671 1297 2700">
    <p class='ocr_par' dir='ltr' id='par_1_117' title="bbox 1028 2671 1297 2700">
     <span class='ocr_line' id='line_1_117' title="bbox 1028 2671 1297 2700; baseline -0.004 0"><span class='ocrx_word' id='word_1_878' title='bbox 1028 2673 1157 2700; x_wconf 86' lang='lat' dir='ltr'><strong>rationem</strong></span> <span class='ocrx_word' id='word_1_879' title='bbox 1171 2671 1297 2699; x_wconf 89' lang='lat' dir='ltr'><strong>reddidit.</strong></span> 
     </span>
    </p>
   </div>
   <div class='ocr_carea' id='block_1_118' title="bbox 1064 2717 1816 2753">
    <p class='ocr_par' dir='ltr' id='par_1_118' title="bbox 1064 2717 1816 2753">
     <span class='ocr_line' id='line_1_118' title="bbox 1064 2717 1816 2753; baseline 0.001 -8"><span class='ocrx_word' id='word_1_880' title='bbox 1064 2719 1089 2745; x_wconf 75' lang='grc'><strong>5.</strong></span> <span class='ocrx_word' id='word_1_881' title='bbox 1110 2717 1161 2744; x_wconf 85' lang='lat' dir='ltr'><strong>Cur</strong></span> <span class='ocrx_word' id='word_1_882' title='bbox 1177 2717 1240 2745; x_wconf 85' lang='lat' dir='ltr'><strong>Cain</strong></span> <span class='ocrx_word' id='word_1_883' title='bbox 1255 2722 1382 2753; x_wconf 82' lang='lat' dir='ltr'><strong>peccatum</strong></span> <span class='ocrx_word' id='word_1_884' title='bbox 1399 2725 1472 2744; x_wconf 86' lang='lat' dir='ltr'><strong>suum</strong></span> <span class='ocrx_word' id='word_1_885' title='bbox 1483 2725 1532 2744; x_wconf 86' lang='lat' dir='ltr'><strong>non</strong></span> <span class='ocrx_word' id='word_1_886' title='bbox 1548 2718 1636 2744; x_wconf 80' lang='lat' dir='ltr'><strong>abluit.</strong></span> <span class='ocrx_word' id='word_1_887' title='bbox 1650 2732 1685 2737; x_wconf 90' lang='lat'><strong>—</strong></span> <span class='ocrx_word' id='word_1_888' title='bbox 1695 2717 1746 2745; x_wconf 88' lang='lat' dir='ltr'><strong>Sed</strong></span> <span class='ocrx_word' id='word_1_889' title='bbox 1762 2717 1816 2746; x_wconf 74' lang='lat' dir='ltr'><strong>ha-c</strong></span> 
     </span>
    </p>
   </div>
   <div class='ocr_carea' id='block_1_119' title="bbox 1029 2762 1814 2797">
    <p class='ocr_par' dir='ltr' id='par_1_119' title="bbox 1029 2762 1814 2797">
     <span class='ocr_line' id='line_1_119' title="bbox 1029 2762 1814 2797; baseline 0.003 -9"><span class='ocrx_word' id='word_1_890' title='bbox 1029 2762 1145 2797; x_wconf 84' lang='lat' dir='ltr'><strong>loquenti</strong></span> <span class='ocrx_word' id='word_1_891' title='bbox 1161 2762 1225 2789; x_wconf 90' lang='lat' dir='ltr'><strong>mihi</strong></span> <span class='ocrx_word' id='word_1_892' title='bbox 1238 2763 1310 2790; x_wconf 87' lang='lat' dir='ltr'><strong>venit</strong></span> <span class='ocrx_word' id='word_1_893' title='bbox 1324 2762 1350 2789; x_wconf 92' lang='lat' dir='ltr'><strong>in</strong></span> <span class='ocrx_word' id='word_1_894' title='bbox 1365 2766 1490 2794; x_wconf 89' lang='lat' dir='ltr'><strong>mentem,</strong></span> <span class='ocrx_word' id='word_1_895' title='bbox 1515 2767 1543 2789; x_wconf 92' lang='lat' dir='ltr'><strong>ut</strong></span> <span class='ocrx_word' id='word_1_896' title='bbox 1563 2763 1587 2789; x_wconf 93' lang='lat' dir='ltr'><strong>in</strong></span> <span class='ocrx_word' id='word_1_897' title='bbox 1601 2762 1716 2790; x_wconf 91' lang='lat' dir='ltr'><strong>tnedium</strong></span> <span class='ocrx_word' id='word_1_898' title='bbox 1735 2763 1814 2790; x_wconf 89' lang='lat' dir='ltr'><strong>addu-</strong></span> 
     </span>
    </p>
   </div>
   <div class='ocr_carea' id='block_1_120' title="bbox 1028 2808 1815 2843">
    <p class='ocr_par' dir='ltr' id='par_1_120' title="bbox 1028 2808 1815 2843">
     <span class='ocr_line' id='line_1_120' title="bbox 1028 2808 1815 2843; baseline 0.004 -9"><span class='ocrx_word' id='word_1_899' title='bbox 1028 2815 1097 2840; x_wconf 89' lang='lat' dir='ltr'><strong>cam,</strong></span> <span class='ocrx_word' id='word_1_900' title='bbox 1112 2815 1280 2843; x_wconf 68' lang='lat' dir='ltr'><strong>miseramque</strong></span> <span class='ocrx_word' id='word_1_901' title='bbox 1297 2808 1468 2843; x_wconf 89' lang='lat' dir='ltr'><strong>quamobrem</strong></span> <span class='ocrx_word' id='word_1_902' title='bbox 1481 2808 1596 2843; x_wconf 88' lang='lat' dir='ltr'><strong>tandem,</strong></span> <span class='ocrx_word' id='word_1_903' title='bbox 1610 2816 1670 2836; x_wconf 80' lang='lat' dir='ltr'><strong>cunt</strong></span> <span class='ocrx_word' id='word_1_904' title='bbox 1681 2814 1815 2843; x_wconf 87' lang='lat' dir='ltr'><strong>peccatum</strong></span> 
     </span>
    </p>
   </div>
   <div class='ocr_carea' id='block_1_121' title="bbox 1030 2852 1818 2889">
    <p class='ocr_par' dir='ltr' id='par_1_121' title="bbox 1030 2852 1818 2889">
     <span class='ocr_line' id='line_1_121' title="bbox 1030 2852 1818 2889; baseline 0 -9"><span class='ocrx_word' id='word_1_905' title='bbox 1030 2858 1107 2881; x_wconf 88' lang='lat' dir='ltr'><strong>suum</strong></span> <span class='ocrx_word' id='word_1_906' title='bbox 1129 2857 1198 2881; x_wconf 87' lang='lat' dir='ltr'><strong>esset</strong></span> <span class='ocrx_word' id='word_1_907' title='bbox 1210 2852 1365 2889; x_wconf 83' lang='lat' dir='ltr'><strong>confessus,</strong></span> <span class='ocrx_word' id='word_1_908' title='bbox 1379 2853 1530 2889; x_wconf 84' lang='lat' dir='ltr'><strong>factumque</strong></span> <span class='ocrx_word' id='word_1_909' title='bbox 1544 2853 1706 2887; x_wconf 85' lang='lat' dir='ltr'><strong>damnasset,</strong></span> <span class='ocrx_word' id='word_1_910' title='bbox 1723 2855 1818 2882; x_wconf 80' lang='lat' dir='ltr'><strong>dicens</strong></span> 
     </span>
    </p>
   </div>
  </div>
