2043 3116
248 132 296 160 93]

248 199 278 219 se
291 191 391 225 majora
407 198 540 226 peccasse,
553 198 631 226 quam
646 196 674 218 ut
685 191 788 218 veniam
805 195 962 222 mereretur,
976 191 1035 217 nul—

249 237 328 271 laqne
347 237 518 264 excusatione
534 244 563 263 se
577 236 685 270 dignum
704 243 778 268 esse,
797 243 848 263 non
866 236 979 270 pottterit
991 237 1037 263 ab.

249 281 324 309 luere
336 285 458 315 peccata;
474 288 532 308 cum
550 280 676 315 propheta
689 281 777 308 dicat:
795 280 842 307 Dic
855 286 882 307 tu
895 281 1037 314 iniquitates

249 331 305 352 tua;
318 326 397 360 prior,
410 330 438 352 ut
446 325 594 360 justi/iccris
612 324 636 360 (1
640 326 688 352 sai.
705 326 748 352 45.
768 326 834 360 '26);
848 326 894 352 sed
909 326 1037 352 condem-

249 376 326 397 natus
342 370 439 397 fuerit?
454 369 582 402 Quoniam
603 378 655 396 non
668 370 742 401 dixit.
759 375 786 397 ιιι
803 370 883 405 jussit
898 370 1036 405 propheta.

250 414 304 442 Non
319 415 390 441 enim
410 415 566 449 simpliciter
578 415 655 448 dixit,
670 415 713 442 die
734 416 884 450 iniquitates
900 420 973 442 tuas:
989 416 1037 443 sed

248 459 330 493 quid?
343 459 389 486 Dic
400 465 426 485 tu
437 460 506 495 prior
515 460 657 494 iniquitates
667 465 732 487 tuna.
746 461 821 494 Quod
832 462 969 495 (Illil‘J‘llUl',
987 461 1037 489 hoc

249 509 308 536 est;
325 513 377 531 non
391 505 546 539 simpliciter
556 513 615 533 esse
629 505 765 539 dicendas,
781 506 827 533 sed
842 507 913 540 prius
926 514 985 533 esse
997 507 1038 534 di-

248 551 346 578 cendas
358 560 366 578 :
378 560 428 578 non
439 551 644 586 exspectandam
656 552 868 586 redargutionem
879 552 1036 579 accusantis.

249 596 297 623 llic
309 601 396 624 autem
412 605 464 623 non
478 597 544 624 dixit
556 597 638 631 prior,
646 597 692 626 sed
701 597 871 631 exspectavit,
883 597 968 624 donec
978 597 1039 624 red-

248 646 404 676 argueretur
425 649 440 669 a
463 642 517 669 Deo
539 651 546 669 :
571 643 634 676 quin
654 642 758 676 potius,
785 643 830 670 illo
851 643 1036 677 redarguente,

249 687 362 721 negavit.
379 687 521 721 Postquam
533 691 621 714 autem
634 688 717 714 semel
738 687 833 714 facttun
848 692 889 714 est
901 693 1039 722 peceatum

249 732 346 765 palam,
363 737 417 758 tum
433 732 498 759 dixit
511 739 658 767 peccatum,
671 741 729 768 quae
742 733 848 768 quidem
865 741 916 760 non
931 739 971 760 est
983 734 1038 768 jam

248 777 391 804 confessio.
414 777 528 806 Proinde
552 783 578 804 tu
598 786 713 813 quoque,
736 778 842 811 dilecte,
865 786 924 806 cum
943 787 1038 813 pecca-

244 823 335 856 veris,
363 831 396 851 ne
420 824 598 858 exspectaris,
624 829 652 851 ιιι
679 825 712 851 ab
736 824 789 851 alio
817 825 966 857 aceascris;
992 824 1038 852 sed

248 869 401 903 priusquam
413 870 547 897 accuseris
560 877 592 897 ac
605 869 746 903 deferaris;
762 874 789 897 tu
810 870 958 897 condemnat
980 878 1039 905 quze

250 913 315 941 facta
331 919 402 943 sunt.
426 915 491 942 Nam
508 915 530 942 si
549 915 608 950 quis
622 915 689 942 alius
708 915 805 943 deinde
820 920 845 943 te
863 916 1037 950 redarguerit,

249 966 302 986 non
314 960 369 994 jam
385 964 436 987 tuae
449 961 625 988 confessionis
640 965 680 988 est
700 961 815 988 officium
825 981 833 994 ,
850 961 896 988 sed
910 961 980 989 illius
993 961 1039 996 qui

249 1009 354 1032 accusat
367 1006 508 1033 correctio.
528 1006 695 1041 Quapropter
716 1011 742 1034 et
759 1007 826 1034 alius
844 1008 975 1042 quispiam
996 1008 1038 1034 in-

248 1051 320 1085 quit,
335 1049 424 1077 lustus
446 1052 486 1078 sui
505 1051 585 1085 ipsius
607 1057 737 1078 accusator
747 1056 782 1078 est
797 1053 823 1078 in
843 1053 965 1088 principio
987 1061 1040 1079 ser-

248 1096 329 1122 mum’s
344 1095 433 1131 (Prov.
453 1096 495 1124 f8.
513 1096 567 1132 f7).
582 1097 672 1132 Itaque
689 1105 741 1124 non
758 1097 808 1125 hoe
823 1103 864 1125 est
883 1098 952 1133 quod
968 1106 1039 1133 qua:-

249 1141 325 1174 ritur,
342 1145 368 1168 ut
382 1149 491 1169 accuses
511 1143 622 1176 tcipsnm
634 1163 642 1174 ,
657 1143 702 1169 sed
724 1147 751 1169 ut
764 1143 837 1176 prior
864 1144 977 1178 teipsum
995 1152 1039 1172 ac-

248 1193 336 1219 cuses,
351 1193 401 1213 nec
415 1191 540 1220 expectes
550 1187 584 1214 ab
599 1187 658 1214 aliis
670 1187 894 1222 redargutionem.

284 1231 375 1259 Petrus
388 1234 512 1267 quomodo
523 1233 601 1260 abluit
612 1239 740 1268 peccatum
749 1243 821 1262 suum
831 1244 841 1268 ;
850 1236 872 1262 ei
882 1236 948 1262 orbis
957 1240 1038 1263 terra:

249 1285 305 1304 rum
322 1279 630 1306 commisstts.——Pelrus
651 1280 738 1314 itaque
762 1285 820 1314 post
839 1289 946 1315 gravem
967 1282 1037 1309 illaut

250 1324 428 1357 negationem,
446 1324 570 1358 quoniam
582 1325 704 1352 celeriter
715 1333 791 1352 suum
806 1326 888 1360 ipsius
898 1331 1036 1361 peccatum

249 1368 402 1396 recordatus
423 1374 479 1402 est,
495 1370 619 1404 nulloque
639 1375 780 1399 accusante
802 1372 871 1399 dixit
889 1378 1036 1407 peccatum,

249 1414 373 1449 fletuque
392 1422 502 1442 amare:
525 1416 563 1443 sic
585 1416 668 1443 abluit
688 1417 760 1444 illam
775 1417 987 1452 abnegationent,
1009 1423 1038 1446 ut

248 1460 326 1487 etiam
338 1460 438 1494 prinms
445 1461 625 1495 apostolorum
633 1462 711 1489 fuerit
720 1462 814 1496 factus,
825 1464 902 1498 eique
910 1468 980 1491 totus
989 1468 1041 1491 ter-

249 1513 337 1532 rarum
348 1506 421 1533 orbis
430 1507 589 1534 commissus
599 1507 688 1535 fuerit.
697 1508 749 1536 Sed
758 1509 827 1543 quod
836 1509 957 1536 dicebam
965 1510 1037 1544 (nam

249 1556 355 1587 oportet
367 1553 399 1579 ad
411 1553 437 1580 id
450 1553 519 1588 quod
533 1554 696 1590 propositum
711 1559 753 1582 est
760 1555 868 1590 reverti)
881 1556 946 1582 satis
960 1555 1037 1583 nobis

251 1606 284 1626 ex
306 1598 347 1626 his
369 1599 585 1632 demonstratur,
607 1608 660 1627 non
684 1605 807 1635 oportere
831 1601 927 1628 fratres
948 1601 1036 1636 lapsos

251 1645 395 1680 negligere,
411 1653 497 1680 neque
509 1651 692 1679 contemnere,
707 1655 797 1674 verum
812 1647 964 1682 prospicere
976 1648 1036 1682 qui-

248 1690 309 1717 dem
330 1691 380 1718 illis
393 1697 453 1718 ante
466 1696 612 1726 peccatum,
630 1697 756 1719 caeterum
773 1692 853 1719 etiam
869 1697 928 1727 post
942 1700 1036 1727 pecca~

250 1740 305 1762 tum
329 1737 436 1763 multam
456 1745 518 1771 erga
540 1737 599 1763 illos
614 1741 740 1771 prmstarc
761 1745 861 1764 curam.
882 1737 973 1764 Itidem
996 1738 1035 1764 fa-

249 1782 322 1808 ciunt
337 1787 363 1809 et
376 1782 471 1809 ntedici
487 1791 493 1808 :
509 1783 682 1817 pra-scribunt
693 1784 763 1811 enim
777 1791 808 1810 ac
822 1784 976 1819 przeeipiunt
990 1785 1037 1811 ho-

250 1827 374 1860 minibus,
389 1835 448 1862 qure
459 1829 682 1862 pOSsuttlillnrum
695 1829 872 1857 valetudinem
889 1830 965 1862 tueri,
979 1837 1037 1857 out-

249 1879 363 1907 nemque
378 1873 498 1900 morbmn
511 1874 669 1901 excludere:
681 1879 806 1902 cmterum
817 1875 859 1902 ubi
873 1875 1037 1910 neglexerint

248 1919 418 1953 prmscripta,
432 1924 459 1946 et
481 1919 505 1946 in
525 1920 703 1947 valetudinem
726 1921 866 1948 adversam
885 1920 1034 1954 inciderint,

250 1970 302 1989 non
318 1963 454 1998 negligant
466 1971 512 1990 eos
534 1965 594 1998 ipsi,
609 1965 655 1992 sed
671 1969 725 1992 tum
740 1966 854 1993 maxime
869 1966 977 1992 multam
988 1966 1036 1994 ad-

248 2008 340 2036 hibent
363 2010 578 2043 sollicitudinem,
594 2019 648 2046 quo
673 2011 732 2038 illos
759 2012 854 2039 morbo
874 2013 969 2040 levent.
992 2013 1036 2040 ld-

248 2054 334 2088 ipsmn
344 2060 369 2082 et
378 2055 474 2082 Paulus
480 2056 598 2091 fecit,qui
606 2064 666 2083 cum
675 2057 719 2091 qui
728 2062 847 2091 stuprum
855 2058 1035 2091 commiserat,

248 2105 308 2135 post
323 2101 384 2128 illud
398 2106 545 2135 peccatum,
561 2102 630 2136 quod
644 2110 678 2128 ne
691 2102 760 2128 inter
770 2107 863 2137 gentes
875 2103 979 2137 quidem
994 2104 1035 2130 in-

250 2146 412 2177 veniebatur,
430 2154 482 2172 non
494 2147 654 2180 contempsit
668 2155 674 2172 :
692 2154 781 2173 verum
793 2147 872 2173 etiam
889 2147 978 2174 frenos
990 2155 1034 2175 re-

248 2196 397 2225 spuenteut,
414 2199 463 2218 nec
478 2191 636 2218 medicinam
664 2192 804 2218 admittere
827 2193 975 2225 volentem,
997 2193 1036 2220 la-

246 2238 400 2264 scivientem
409 2244 440 2263 ac
453 2237 624 2269 resilientem,
637 2236 780 2263 reduxitad
791 2238 946 2265 sanitatem:
962 2243 989 2265 et
999 2239 1035 2266 ita

247 2284 366 2316 reduxit,
394 2288 423 2309 ut
453 2283 626 2317 conjungeret
647 2291 752 2310 rursum
779 2284 884 2318 corpori
909 2284 1034 2312 Ecclesia:

248 2330 271 2356 (1
286 2329 344 2356 Cor.
361 2329 399 2363 5).
413 2327 503 2362 Neque
513 2327 579 2354 dixit
591 2328 659 2362 apud
669 2335 745 2355 sese:
760 2329 822 2363 quid
837 2329 886 2355 hoc
898 2329 1034 2364 proderit?

245 2382 305 2409 quae
325 2374 387 2401 hinc
402 2373 518 2400 utilitas?
533 2378 652 2408 stuprum
664 2373 807 2407 commisit,
824 2380 960 2409 peccatum
974 2383 1034 2409 per-

247 2420 370 2455 petravit,
385 2427 435 2447 nec
455 2420 510 2446 vult
525 2419 654 2446 desistere
676 2427 691 2446 a
707 2419 810 2447 lascivia
822 2429 829 2452 ;
840 2428 932 2448 verum
952 2425 979 2447 et
991 2421 1033 2448 in-

245 2466 325 2493 flatus
339 2470 390 2499 est,
405 2470 431 2493 et
442 2466 491 2493 sibi
506 2465 602 2501 placet,
616 2470 643 2492 et
657 2466 849 2493 immedicabile
862 2467 957 2494 vulnus
970 2467 1033 2494 red-

245 2512 284 2540 dit
299 2521 305 2539 :
320 2513 437 2539 sinamus
450 2512 529 2547 igitur
541 2512 615 2539 illum
630 2520 660 2540 ac
674 2511 838 2539 deseramus.
853 2512 922 2540 Nihil
936 2513 1032 2540 horum

244 2557 312 2585 dixit
324 2565 330 2584 :
346 2558 393 2585 sed
409 2562 516 2592 propter
529 2557 580 2584 hoc
594 2557 679 2592 ipsum
693 2558 808 2585 maxime
820 2558 904 2585 multa
917 2565 980 2585 usus
992 2564 1034 2587 est

242 2610 306 2638 erga
323 2603 394 2630 illum
410 2603 587 2630 sollicitudine
598 2623 606 2635 ,
620 2602 689 2638 quod
703 2602 736 2630 ad
750 2603 890 2630 nefandam
904 2603 1031 2630 malitiam

244 2649 345 2676 videret
358 2649 431 2675 illum
444 2656 504 2676 esse
518 2649 669 2683 delapsum,
684 2657 770 2684 neque
788 2649 901 2676 cessavit
919 2654 1030 2683 terrere,

243 2695 349 2727 minari,
359 2694 453 2729 punire
466 2699 521 2722 tum
532 2702 579 2729 per
589 2702 658 2726 sese.
670 2698 725 2722 tum
737 2702 784 2729 per
794 2695 860 2722 alios
869 2695 1029 2730 complures,

244 2739 308 2766 nihil
324 2747 375 2767 non
391 2739 506 2773 faciens,
522 2740 588 2767 nihil
603 2748 655 2767 non
671 2744 790 2774 tentans,
805 2740 891 2768 donec
908 2741 981 2768 illum
996 2741 1030 2769 ad

242 2786 402 2819 agnitionem
413 2787 513 2821 peccati
525 2787 700 2821 perduxisset,
712 2786 744 2814 ad
753 2793 859 2814 sensum
872 2787 1028 2822 iniquitatis,

241 2836 378 2866 postremo
398 2833 482 2860 donec
503 2833 589 2867 ipsum
612 2833 749 2861 liberasset
772 2833 804 2861 ab
825 2833 897 2861 omni
916 2833 1027 2861 macula.

595 131 624 160 S.
643 131 781 160 JOANNIS
800 131 1037 160 CllRYSOSTOMI
1057 133 1216 162 AltClllEP.
1237 133 1498 163 CONSTANTINOP.

1820 140 1878 167 95?.

1093 191 1148 218 Hoc
1161 199 1226 218 sane
1240 191 1318 218 facito
1334 197 1360 220 tu
1375 201 1480 228 quoque
1494 201 1501 220 :
1521 193 1624 221 imitare
1637 194 1829 223 Samaritanum
1844 197 1883 225 il-

1090 238 1155 270 lum,
1169 238 1213 272 qui
1229 238 1253 265 in
1270 238 1412 273 Evangelio
1428 244 1532 266 tantam-
1544 247 1605 274 erga
1620 240 1786 268 vulneratum
1808 243 1885 270 hunc

1091 284 1213 317 prrestitit
1223 284 1427 311 sollicitudinem
1437 285 1456 311 ¹.
1465 284 1568 312 Etenim
1576 285 1628 312 illic
1637 286 1762 320 praeteriit
1772 287 1862 314 Levita
1872 307 1886 320 .

1091 330 1218 363 pratteriit
1232 329 1395 362 Pharisaeus,
1410 338 1441 357 ac
1454 335 1548 358 ttettter
1565 331 1672 358 deflexit
1685 332 1717 358 ad
1733 332 1885 366 jacentem,

1091 376 1138 403 sed
1162 376 1335 403 inclementer
1357 377 1551 412 crudeliterque
1569 377 1661 405 relicto
1682 378 1727 405 illo
1745 378 1884 406 abierunt.

1091 422 1272 450 Samaritanus
1287 427 1373 450 autem
1388 423 1517 457 quispiam
1528 443 1535 456 ,
1549 423 1593 457 qui
1614 423 1684 450 ttulla
1706 432 1737 450 ex
1753 429 1826 458 parte
1841 424 1884 452 illi

1090 469 1248 502 conjunctus
1261 473 1328 501 erat,
1345 476 1398 495 non
1412 468 1598 502 prtetcrcurrit,
1613 468 1658 495 sed
1675 476 1816 495 accurrens
1828 469 1885 495 mi-

1091 518 1178 540 sertus
1188 518 1238 545 est,
1254 514 1390 540 instillavit
1403 514 1490 540 oleum
1504 520 1535 540 ac
1547 513 1647 545 vinum,
1661 513 1783 547 imposuit
1793 514 1882 545 asino.

1091 559 1165 586 duxit
1179 559 1210 585 ad
1229 559 1414 590 diversorium,
1437 559 1574 592 pecuniam
1597 558 1692 593 partim
1713 558 1785 585 dedit
1809 566 1884 593 pra:-

1091 611 1205 638 sentcm,
1229 605 1323 639 partim
1340 605 1471 639 pollicitus
1492 609 1531 631 est
1548 612 1595 639 pro
1615 604 1683 639 ejus,
1699 604 1743 639 qui
1765 604 1830 632 nihil
1845 604 1882 631 ad

1092 651 1177 685 ipsum
1198 651 1355 685 pertinebat,
1371 651 1507 677 curatione
1527 649 1658 685 (LchO.
1675 650 1719 677 50.
1733 650 1812 684 sqq.),
1829 658 1882 676 nec

1091 696 1155 723 dixit
1170 696 1238 730 apud
1257 703 1317 723 sese
1331 704 1337 722 :
1353 704 1412 730 qua:
1434 696 1498 722 mihi
1521 703 1584 722 cura
1597 700 1638 723 est
1658 695 1751 722 istius?
1764 695 1882 722 Samari-

1092 746 1169 768 tanus
1189 749 1265 773 sum;
1281 741 1346 768 nihil
1366 742 1430 768 mihi
1451 749 1511 767 cum
1536 741 1598 773 illo;
1617 741 1705 775 procul
1726 740 1852 767 absumus
1866 748 1881 767 a

1091 788 1207 820 civitate,
1221 793 1247 814 et
1259 787 1303 814 ille
1314 795 1347 814 ne
1358 787 1458 822 ingredi
1468 787 1575 821 quidem
1592 793 1687 822 potest.
1702 787 1767 821 Quid
1778 791 1880 819 autem,

1092 835 1113 861 si
1130 835 1198 861 ferre
1220 842 1272 861 non
1296 834 1380 868 possit
1395 834 1443 861 via:
1467 833 1667 868 longitudinem,
1693 838 1824 860 mortuum
1839 833 1882 859 af-

1091 880 1193 908 feram?
1206 880 1350 916 eapiendus
1372 888 1429 908 sum
1443 881 1477 908 ob
1490 880 1588 907 eaedem
1598 900 1604 912 ,
1620 880 1750 906 obnoxius
1771 887 1817 907 ero
1832 879 1882 906 lto-

1090 926 1217 954 micidio?
1229 927 1275 953 llis
1288 934 1352 953 sane
1365 926 1399 953 de
1414 926 1500 953 causis
1513 925 1587 952 multi
1602 933 1673 960 sche
1686 929 1881 959 prtctereuntes

1092 980 1124 1000 ac
1138 972 1259 999 videntes
1273 971 1395 999 homines
1408 972 1562 999 vulneratos
1577 971 1750 1007 palpitantes,
1766 975 1881 1005 practer-

1090 1022 1164 1050 eunt,
1184 1025 1237 1044 non
1252 1017 1321 1052 quod
1336 1022 1480 1052 graventur
1496 1017 1600 1050 tollere,
1621 1017 1794 1052 pecuniisque
1816 1024 1881 1051 par-

1090 1068 1163 1096 eant,
1179 1063 1226 1090 sed
1247 1067 1404 1095 metuentes,
1419 1071 1452 1090 ne
1467 1068 1493 1090 et
1508 1063 1557 1098 ipsi
1571 1063 1757 1098 pertrahuntur
1771 1062 1796 1088 in
1809 1062 1882 1096 judi-

1090 1109 1171 1141 cium,
1198 1112 1322 1143 tanquam
1344 1108 1424 1135 cmdis
1447 1108 1503 1141 rei;
1524 1115 1616 1135 verum
1636 1107 1766 1134 humattus
1786 1107 1831 1134 illc
1849 1114 1882 1134 ac

1090 1156 1161 1183 mitis
1175 1155 1241 1182 nihil
1255 1155 1350 1182 horum
1360 1155 1462 1187 metuit,
1476 1155 1522 1182 sed
1534 1155 1574 1182 his
1585 1154 1708 1181 omnibus
1720 1154 1882 1188 contemptis

1090 1201 1216 1236 imposuit
1229 1208 1290 1228 eum
1305 1201 1390 1234 asino,
1406 1205 1434 1228 et
1449 1201 1474 1227 in
1488 1200 1663 1227 diversorium
1676 1199 1817 1234 perduxit:
1833 1207 1882 1226 ne-

1089 1254 1142 1282 que
1156 1246 1298 1282 quidquam
1313 1246 1406 1273 harum
1420 1253 1509 1273 rerum
1523 1244 1711 1273 refortnidabat
1721 1266 1728 1277 ,
1744 1252 1796 1271 non
1811 1245 1883 1278 peri-

1090 1293 1191 1325 culum,
1207 1300 1260 1319 non
1274 1292 1446 1327 pecuniarum
1463 1291 1641 1325 impendium,
1663 1299 1715 1317 non
1729 1290 1800 1317 aliud
1811 1298 1882 1326 pra:-

1090 1341 1162 1365 tcrea
1174 1338 1328 1372 quidquam.
1348 1337 1424 1370 Quod
1435 1337 1457 1364 si
1476 1336 1657 1364 Samaritanus
1668 1336 1734 1363 adeo
1748 1336 1881 1362 humanus

1089 1385 1214 1420 mitisque
1225 1384 1275 1412 fuit
1287 1391 1348 1419 erga
1365 1384 1499 1411 hominem
1514 1384 1633 1418 ignotum
1647 1392 1653 1410 :
1667 1390 1745 1418 quam
1763 1382 1880 1410 habituri

1090 1438 1183 1458 sumus
1197 1437 1245 1457 nos
1262 1431 1382 1464 veniam,
1397 1430 1419 1458 si
1434 1431 1555 1465 proprios
1570 1429 1666 1457 fratres
1685 1429 1880 1464 neglexerimus

1089 1475 1116 1502 in
1129 1476 1207 1503 malis
1228 1476 1413 1511 gravioribus?
1428 1476 1492 1502 Nam
1506 1479 1534 1502 ct
1555 1475 1608 1508 isti,
1625 1474 1669 1509 qui
1687 1481 1757 1501 nunc
1775 1473 1879 1508 jejuna-

1090 1525 1200 1552 verunt.
1217 1521 1368 1548 inciderunt
1387 1522 1412 1547 in
1429 1520 1568 1556 przedones
1586 1520 1707 1553 .ludazos,
1723 1519 1777 1546 imo
1790 1519 1879 1545 verius

1089 1567 1213 1594 omnibus
1235 1566 1404 1601 przedonibus
1427 1566 1570 1599 salviores,
1595 1565 1693 1599 quique
1713 1563 1879 1598 gravioribus

1088 1613 1166 1639 malis
1178 1613 1296 1640 afficiunt
1310 1620 1370 1645 eos,
1384 1612 1429 1646 qui
1443 1612 1468 1639 in
1487 1619 1534 1639 eos
1548 1611 1678 1638 ittcidunt.
1692 1610 1783 1645 Neque
1804 1610 1876 1637 enim

1088 1663 1176 1685 vestes
1191 1658 1295 1684 illorutn
1317 1658 1483 1690 lacerarunt,
1498 1665 1585 1691 neque
1598 1656 1702 1690 corpori
1726 1655 1878 1682 indixerunt

1088 1705 1217 1738 vulnera,
1245 1709 1273 1731 ut
1295 1704 1333 1731 illi
1358 1708 1420 1731 tunc
1446 1703 1577 1734 fecerant;
1601 1703 1647 1729 sed
1676 1702 1792 1729 animam
1817 1709 1879 1728 sau-

1088 1752 1215 1784 ciarttut,
1247 1750 1407 1784 infinitisque
1432 1749 1480 1783 ipsi
1506 1749 1660 1776 vulneribus
1683 1747 1810 1779 inflictis,
1840 1747 1879 1773 sit:

1088 1797 1210 1824 abierunt
1243 1796 1302 1823 illos
1337 1796 1518 1830 relinquentes
1558 1795 1585 1821 in
1626 1794 1700 1821 fovea
1734 1794 1879 1828 impietatis

1085 1842 1215 1878 jacentes.

1125 1889 1152 1915 4.
1166 1888 1204 1915 Ne
1219 1888 1297 1923 igitur
1308 1887 1505 1915 dissimulemus
1519 1887 1597 1914 talem
1610 1886 1776 1921 tragoediam,
1792 1893 1878 1920 neque

1088 1940 1278 1970 prretereamus
1290 1934 1462 1962 inclementer
1468 1939 1520 1960 tam
1529 1933 1679 1961 miserabile
1686 1933 1878 1967 spectaculmn.

1088 1981 1156 2014 Quin
1167 1980 1270 2007 etiamsi
1282 1981 1327 2007 alii
1337 1980 1388 2007 hoc
1402 1979 1521 2012 fecerint,
1533 1984 1559 2006 tu
1571 1987 1604 2006 ne
1616 1979 1720 2006 feceris.
1730 1978 1768 2005 Nc
1778 1978 1879 2004 dixeris

1088 2027 1158 2062 apud
1173 2027 1350 2061 temetipsum,
1369 2026 1448 2053 homo
1465 2033 1524 2052 sum
1547 2025 1712 2057 mundanus,
1727 2032 1835 2051 uxorem
1850 2029 1879 2050 ct

1088 2072 1186 2100 liberos
1202 2072 1303 2105 habeo,
1321 2072 1370 2099 ista
1383 2071 1549 2099 sacerdotum
1565 2075 1636 2103 sunt,
1658 2071 1707 2097 ista
1731 2070 1879 2097 monacho-

1088 2125 1158 2144 rum.
1172 2117 1264 2152 Neque
1280 2118 1352 2145 enim
1371 2117 1554 2145 Samaritanus
1569 2117 1612 2143 ille
1624 2116 1682 2142 hazc
1695 2116 1810 2147 dicebat,
1834 2116 1878 2143 ubi

1088 2171 1159 2190 nunc
1174 2163 1346 2190 sacerdotes?
1358 2163 1400 2190 ubi
1424 2170 1494 2189 nunc
1507 2162 1650 2190 Pharisa-i?
1666 2162 1709 2188 ubi
1722 2161 1878 2188 Judtcot'ttm

1087 2207 1232 2235 doctores?
1255 2209 1302 2236 sed
1329 2208 1438 2243 perinde
1469 2208 1544 2243 quasi
1569 2212 1693 2235 venatum
1725 2207 1878 2242 quempiam

1087 2256 1232 2282 maximum
1256 2259 1348 2282 nactus
1367 2259 1448 2286 esset,
1472 2255 1507 2281 ita
1530 2254 1631 2280 lucrum
1654 2253 1774 2287 arripuit.
1794 2253 1827 2279 Et
1850 2257 1879 2280 tu

1087 2301 1167 2336 igitur
1199 2308 1258 2328 cum
1291 2301 1389 2327 videris
1420 2300 1533 2334 aliquem
1565 2304 1685 2334 egentem
1718 2298 1876 2330 curatiOne,

1087 2347 1128 2374 vel
1152 2347 1288 2380 corporis,
1316 2346 1358 2373 vel
1386 2346 1500 2378 animae,
1531 2353 1565 2372 ne
1591 2345 1673 2371 dicito
1701 2344 1770 2379 apud
1806 2344 1878 2378 teip-

1086 2399 1161 2424 sum,
1177 2400 1259 2427 quare
1281 2393 1324 2419 ille
1344 2397 1370 2418 et
1394 2392 1438 2419 ille
1462 2399 1522 2419 eum
1545 2399 1598 2418 non
1623 2391 1803 2418 curaverunt?
1828 2390 1878 2417 sed

1086 2446 1101 2465 a
1117 2439 1211 2466 morbo
1226 2439 1327 2466 libera:
1345 2445 1431 2473 neque
1453 2438 1568 2465 rationes
1588 2437 1678 2471 exigas
1701 2436 1734 2463 ab
1754 2436 1807 2463 illis
1828 2444 1878 2462 nc-

1086 2486 1228 2521 gligentize.
1244 2485 1272 2512 Si
1286 2485 1419 2512 inveneris
1430 2491 1522 2510 aurum
1533 2483 1636 2518 jacens,
1650 2490 1713 2510 num
1725 2482 1791 2509 dicis
1805 2481 1877 2516 apud

1087 2531 1211 2566 teipsum,
1226 2538 1308 2565 quare
1322 2530 1366 2558 ille
1379 2534 1424 2556 aut
1439 2530 1482 2557 ille
1496 2529 1546 2557 hoc
1558 2537 1611 2556 non
1630 2528 1813 2555 sustulerunt?
1828 2528 1877 2554 sed

1086 2578 1195 2605 festinas
1208 2582 1270 2605 ante
1283 2577 1349 2604 alios
1363 2577 1473 2611 rapere?
1488 2575 1580 2603 ltidem
1593 2580 1620 2603 et
1632 2575 1666 2602 de
1679 2574 1805 2602 fratribus
1819 2575 1877 2601 col-

1086 2623 1167 2658 lapsis
1177 2624 1272 2658 cogita,
1282 2628 1426 2658 putatoque
1437 2627 1463 2649 te
1473 2622 1623 2649 thesaurum
1635 2621 1780 2655 reperisse,
1793 2620 1872 2647 nimi.

1085 2677 1144 2696 rum
1160 2677 1250 2696 curam
1266 2670 1381 2696 illorum.
1404 2669 1508 2696 Etenim
1525 2668 1548 2695 si
1566 2667 1735 2695 instillaveris
1750 2667 1786 2693 illi
1802 2667 1877 2694 velut

1085 2716 1173 2744 oleum
1185 2716 1316 2743 sermonis
1324 2715 1479 2748 doctrinam,
1491 2715 1514 2742 si
1524 2714 1647 2750 ligaveris
1658 2712 1876 2746 mansuetudine,

1116 2807 1125 2821 ί
1143 2806 1179 2830 sic
1190 2801 1262 2830 editio
1272 2805 1340 2830 Sat-it.
1349 2808 1375 2829 et
1385 2804 1454 2829 multi
1467 2808 1519 2830 Mss.
1532 2804 1611 2829 Morel.
1622 2809 1695 2829 vero:
1708 2804 1802 2828 ratium
1811 2808 1872 2834 erga

1086 2836 1184 2862 vulnera
1195 2836 1305 2869 prwstitt't
1317 2835 1509 2861 sollicitudinem.
