2043 3116
228 156 279 182 ⁸155

225 216 389 245 sisanaveris
403 214 562 243 tolerantia:
583 214 626 242 ille
649 218 673 242 te
686 214 763 241 faciet
773 214 892 241 ditiorem
914 213 1007 248 quovis

223 262 357 289 thesauro.
375 261 426 295 Qui
438 261 503 288 etum
518 260 631 288 eduxerit
646 261 782 295 pretiosum
797 269 812 286 a
827 260 880 291 vili,
891 264 1009 294 tanquam

225 316 252 335 οε
266 315 349 334 meum
363 306 412 334 erit
430 306 495 342 (λεν.
507 305 616 341 15.19),
634 306 718 341 iuquit
732 306 785 333 ille.
801 306 868 339 Quid
890 305 950 332 huic
964 313 1010 339 po-

221 352 284 379 Ierit
297 351 471 387 acquiparari?
486 351 560 384 Quod
575 358 660 386 neque
671 351 801 386 jejunium
813 372 820 384 ,
835 359 919 386 neque
937 351 1010 377 humi

221 402 338 433 peracta:
353 397 524 430 cubationes,
547 405 633 432 neque
656 397 809 432 pervigilia,
834 405 919 432 nequc
939 397 1009 424 aliud

223 444 356 479 quidpiam
373 448 459 478 potest
479 443 603 477 efﬁcere,
625 444 650 471 id
664 444 747 471 efﬁcit
767 443 856 471 fratris
871 449 1010 478 procurata

223 490 305 518 salus.
328 491 420 526 Cogita
435 498 513 525 quam
533 490 615 517 multa
635 495 709 518 tuum
728 497 759 518 os
782 490 933 525 frequenter
951 497 1011 524 pec-

224 536 334 570 caverit,
347 544 426 571 quam
439 537 522 564 multa
535 536 617 564 verba
628 536 754 564 obscmna
769 536 918 571 protulerit,
933 543 1011 570 quam

225 581 307 610 multa
318 581 437 608 convicia
447 601 456 614 ,
468 589 547 616 quam
557 581 641 608 multa
654 581 793 609 maledicta
805 582 956 609 evomuerit
965 602 972 614 ,
986 585 1013 608 et

224 628 334 655 omnino
346 627 478 662 suscipies
495 627 604 662 collapsi
626 634 727 655 curam.
745 627 810 654 Nam
825 627 875 654 hoc
896 634 949 654 uno
967 627 1013 654 be-

225 672 330 700 nefacto
341 680 447 701 omnem
464 673 535 700 illam
544 673 634 700 delere
645 673 774 700 maculam
786 672 894 707 poteris.
907 672 940 699 Et
950 671 1012 706 quid

226 717 287 744 dico
300 717 406 745 delere?
418 718 511 746 Facies
523 722 553 745 ut
563 718 597 745 sit
610 725 641 746 os
655 722 729 745 tuum
745 718 813 745 sicut
827 725 858 744 os
872 718 929 744 Dei.
945 718 1012 751 Quid

227 762 289 789 huic
313 762 407 790 honori
432 764 516 798 possit
534 763 710 798 aequiparari?
724 762 781 790 Non
795 763 865 790 enim
891 770 940 797 ego
964 763 1013 789 ista

224 808 369 841 polliceor;
383 807 439 842 ipse
460 808 529 835 Deus
543 808 594 835 hoc
614 808 689 836 dixit.
712 808 740 835 Si
761 816 841 835 unum
863 808 1013 844 quempiam

227 854 360 887 eduxeris,
376 855 471 889 inquit,
487 858 516 883 ut
535 862 566 882 os
587 862 691 888 meum,
709 855 759 882 erit
773 863 804 883 os
825 860 898 882 tuum
920 862 1014 889 purum

227 905 411 935 sanctumque.
433 900 472 928 Ne
499 901 578 935 igitur
599 901 764 936 negligamus
790 901 901 934 fratres,
929 909 1015 935 neque

227 945 424 972 circumeuntes
438 945 566 978 dicamus,
581 953 660 980 quam
673 945 748 973 multi
762 946 924 980 jejunarunt,
936 954 1014 981 quam

227 989 304 1016 multi
324 990 461 1024 intercepti
475 994 552 1024 sunt,
567 990 613 1017 sed
628 997 719 1017 curam
737 991 883 1018 habeamus
898 991 1012 1018 illorum.

228 1034 338 1061 Etiamsi
363 1035 437 1062 multi
451 1035 504 1062 sint
521 1036 566 1070 qui
580 1035 734 1070 jejuuarunt
748 1044 754 1062 :
779 1041 804 1063 tu
815 1056 822 1069 ,
845 1036 958 1069 dilecte,
982 1045 1015 1064 ne

227 1081 335 1115 cvulges
344 1081 546 1116 ignominiaeque
557 1089 674 1116 exponas
683 1081 810 1109 Ecclesiae
820 1082 1013 1115 calamitatem;

227 1126 275 1153 sed
290 1126 397 1154 medere
417 1127 513 1161 potius.
529 1127 562 1154 Et
581 1127 602 1154 si
619 1127 677 1162 quis
696 1127 803 1159 dixerit,
822 1128 896 1155 multi
912 1128 1016 1163 jejuna-

228 1176 301 1204 runt,
312 1172 406 1199 obtura
419 1172 454 1199 illi
469 1180 509 1205 os,
522 1180 556 1200 ne
569 1172 639 1200 fama
653 1173 811 1208 divulgetur,
824 1174 901 1208 eique
911 1174 992 1201 dit-ito
1008 1184 1013 1200 :

227 1223 279 1251 ego
291 1216 425 1244 neminem
439 1218 517 1250 novi;
532 1217 657 1252 deceptus
672 1226 701 1246 es
711 1239 718 1251 ,
735 1219 825 1252 homo,
841 1219 992 1254 fallerisque
1008 1229 1014 1246 :

228 1270 342 1298 cumque
365 1271 448 1291 unum
471 1268 552 1299 atque
576 1265 686 1292 alterum
707 1266 880 1300 interceptum
901 1266 1014 1299 videris,

228 1308 297 1336 dicis
315 1308 373 1336 illos
388 1317 450 1337 esse
469 1310 577 1338 multos.
598 1311 637 1338 Ac
657 1310 768 1338 delatori
789 1311 894 1346 quidem
910 1312 1016 1347 impone

227 1354 361 1382 silentium
377 1364 383 1382 :
398 1359 526 1384 caeterum
545 1363 593 1385 eos
611 1357 657 1392 qui
677 1357 816 1392 intercepti
837 1362 899 1385 sunt
920 1366 954 1385 ne
969 1366 1017 1386 ne-

227 1399 352 1433 glexeris,
377 1404 406 1427 ut
419 1401 543 1436 utrinque
564 1403 646 1430 multa
663 1404 791 1430 securitas
811 1404 948 1439 contingat
966 1403 1018 1431 Ec-

227 1444 327 1476 clesiae,
344 1450 398 1473 tum
421 1454 454 1473 ex
473 1454 505 1474 eo
523 1447 594 1482 quod
613 1449 684 1476 fama
702 1456 754 1476 non
777 1449 811 1476 sit
829 1449 944 1484 vulgata,
961 1455 1017 1477 tum

227 1490 299 1525 quod
319 1499 367 1519 eos
389 1492 462 1527 ipsos
482 1492 643 1529 interceptas
661 1494 694 1521 ad
717 1502 822 1523 sacrum
835 1502 951 1530 ’gregem
976 1504 1017 1524 re-

229 1535 347 1563 duxeris.

262 1580 372 1608 Peccata
380 1582 490 1616 fratrum
501 1583 662 1619 corrigenda,
672 1593 722 1612 non
733 1585 870 1620 vulganda.
879 1586 958 1614 -—Ne
969 1587 1017 1622 igi-

227 1630 269 1653 tur
287 1626 487 1655 obambulantes
500 1629 645 1656 referamus
658 1630 701 1664 qui
714 1632 896 1664 peccaverint;
912 1632 958 1659 sed
979 1632 1017 1659 fe-

226 1671 356 1698 stinemus
364 1677 391 1698 ut
402 1679 449 1700 eos
456 1672 552 1705 solum,
564 1674 609 1708 qui
620 1678 772 1708 peccarunt,
784 1676 955 1710 corrigamus.
971 1677 1018 1704 Est

225 1716 297 1742 enim
311 1724 391 1751 prava
402 1718 578 1752 consuetudo,
594 1723 695 1746 tantum
709 1727 834 1748 accusare
847 1721 952 1755 fratres,
968 1730 1018 1750 nec

227 1761 331 1790 illorum
346 1769 435 1790 curam
452 1763 567 1797 habere;
581 1764 689 1800 vulgare
699 1766 768 1793 mala
780 1766 956 1801 inﬁrmorum,
967 1776 1017 1796 nec

227 1807 337 1835 tnederi.
353 1808 509 1836 Auferamus
530 1809 609 1844 igitur
627 1810 696 1837 hanc
715 1818 823 1845 pravam
844 1813 1016 1840 consuetudi~

227 1860 298 1886 nem,
326 1855 455 1882 carissimi
469 1862 477 1881 :
492 1863 578 1890 neque
592 1856 663 1883 enim
678 1864 710 1884 ea
729 1857 890 1885 mediocrem
915 1864 1015 1893 pestem

226 1897 336 1925 invehit.
359 1898 393 1926 Et
408 1907 461 1934 quo
473 1904 560 1934 pacto,
576 1908 626 1936 ego
645 1902 740 1929 dicam.
756 1903 863 1931 Audivit
874 1904 970 1939 aliquis
985 1913 1017 1933 ex

228 1947 255 1971 te
274 1944 345 1978 quod
358 1946 434 1972 multi
458 1953 518 1973 cum
541 1946 640 1974 Judatis
663 1947 864 1983 jejunaverint;
891 1951 1018 1988 nulloque

226 1990 365 2024 przemisso
384 1992 507 2019 examine
525 1992 570 2019 alii
589 1993 616 2020 in
639 1994 748 2021 verbum
770 1996 874 2030 aperuit
895 2003 902 2023 :
924 2004 1017 2025 rursus

225 2035 271 2063 ille
285 2043 377 2070 parum
391 2040 517 2070 attentus,
539 2037 617 2066 alteri
632 2038 683 2066 hoc
693 2039 779 2074 ipsum
791 2041 932 2076 eioquutus
952 2047 994 2071 est
1008 2051 1015 2076 ;

226 2081 323 2109 deinde
337 2082 465 2117 paulatim
476 2082 525 2110 hac
540 2084 608 2111 mala
621 2083 690 2113 fama
703 2086 877 2121 increscente,
893 2097 1017 2124 magnum

227 2127 334 2162 quidem
348 2129 475 2163 probrum
487 2128 633 2157 offunditur
654 2131 800 2161 Ecclesia}:
824 2133 866 2161 his
886 2142 950 2163 vero
971 2137 1017 2171 qui

226 2174 373 2208 perierunt,
387 2175 459 2202 nulla
473 2175 582 2203 affertur
595 2177 705 2212 utilitas,
721 2178 786 2213 quin
799 2180 886 2215 potius
909 2182 1012 2217 gravis-

227 2220 295 2247 sima
309 2228 389 2254 noxa,
407 2225 461 2248 tum
475 2221 526 2256 his,
552 2225 608 2250 tum
622 2223 692 2251 aliis.
714 2224 825 2253 Etiamsi
847 2227 918 2254 enim
940 2229 1016 2263 pauci

226 2265 336 2299 fuerint,
350 2273 400 2294 nos
414 2271 501 2295 tamen
516 2275 563 2295 eos
577 2269 730 2298 rumoribus
751 2271 842 2299 multis
860 2273 957 2300 multos
978 2273 1016 2302 fa-

228 2312 324 2345 cimus,
337 2317 365 2340 et
381 2320 427 2340 eos
440 2314 485 2348 qui
505 2318 585 2347 stant,
606 2315 792 2345 imbecilliores
809 2318 943 2347 reddimus
958 2326 965 2347 :
990 2324 1017 2348 et

226 2363 274 2384 eos
286 2357 331 2392 qui
341 2357 373 2385 ad
386 2365 476 2386 casum
490 2359 623 2394 proclives
637 2365 709 2395 sunt,
732 2362 903 2397 impellimus.
920 2365 1017 2393 Frater

227 2403 298 2430 enim
309 2404 419 2432 audiens
431 2413 491 2434 esse
503 2407 602 2434 multos
615 2408 658 2442 qui
671 2408 834 2444 jejunaruut,
858 2411 916 2446 ipse
929 2413 1013 2447 negli-

226 2450 331 2484 gentior
342 2451 402 2478 erit.
417 2452 519 2480 Deinde
527 2461 619 2481 rursus
631 2455 675 2489 qui
689 2455 817 2483 inﬁrmior
832 2463 882 2491 est,
898 2457 950 2486 hoc
965 2467 1014 2486 au-

228 2495 284 2522 dito
299 2503 419 2525 accurret
429 2498 463 2526 ad
475 2499 671 2528 multitudinem
682 2509 785 2536 eorum,
798 2504 841 2538 qui
850 2505 1013 2535 ceciderunt.

227 2539 266 2568 Ne
288 2541 366 2576 igitur
386 2543 427 2570 vel
446 2551 526 2579 super
550 2545 609 2578 hoc,
633 2547 675 2574 vel
689 2554 771 2582 super
787 2549 839 2576 alio
856 2551 948 2584 quovis
965 2551 1016 2578 im-

227 2587 312 2621 probo
324 2587 393 2614 facto
411 2590 581 2625 gaudeamus,
596 2593 699 2620 etiamsi
716 2594 792 2622 multi
809 2594 906 2623 fuerint
919 2604 1013 2631 pecca-

225 2636 309 2665 tores,
324 2633 358 2660 ita
371 2638 399 2660 ut
414 2635 581 2664 traducamus
593 2645 651 2672 eos,
663 2646 694 2666 ac
705 2639 824 2668 dicamus
837 2643 934 2669 multos
941 2650 1008 2676 esse,

225 2678 271 2705 sed
294 2679 381 2714 potius
401 2680 554 2710 obturemus
573 2691 619 2717 os,
642 2689 670 2712 et
685 2692 865 2714 coerceamus.
887 2687 926 2715 Ne
948 2689 1013 2717 mihi

224 2724 336 2757 dixeris,
351 2726 426 2753 multi
442 2728 559 2762 suntqui
571 2729 741 2765 jejunarunt,
764 2733 811 2760 sed
832 2734 929 2761 multos
953 2735 1013 2763 illos

226 2771 336 2805 corrige.
348 2770 404 2799 Non
415 2772 475 2800 ideo
485 2773 552 2806 mihi
560 2781 744 2811 consumptum
755 2784 794 2805 est
804 2782 904 2806 tantum
915 2781 1011 2808 verbo-

225 2823 296 2850 rum,
309 2821 338 2845 ut
350 2826 459 2847 accuses
473 2820 570 2848 multos
582 2829 590 2854 ;
605 2822 652 2849 sed
663 2827 691 2850 ut
705 2831 737 2851 ex
754 2824 842 2852 multis
853 2825 934 2853 facias
944 2833 1010 2858 pau-

224 2871 269 2892 eos
285 2872 291 2890 ε
308 2863 361 2892 into
375 2866 463 2900 potius
478 2874 510 2894 ne
525 2874 625 2903 paucos
634 2868 739 2904 quidem
749 2889 758 2904 ,
773 2869 820 2898 sed
832 2874 859 2899 et
874 2871 922 2899 hos
936 2871 1009 2908 ipsos

819 156 998 184 ADVERSUS
1017 156 1167 184 JUDEOS.
1181 156 1249 184 Vill.

1036 2777 1048 2791 νδ

1794 156 1847 182 951

1064 213 1143 240 etiam
1155 220 1242 240 sanes.
1255 212 1292 240 Ne
1305 213 1391 247 itaque
1404 213 1510 248 evulges
1524 216 1639 248 peccata,
1649 212 1695 240 sed
1706 220 1779 239 sana.
1794 212 1852 240 Sic-

1064 263 1093 286 ut
1108 259 1177 287 enim
1193 259 1239 294 qui
1267 259 1400 295 evulgant,
1425 263 1452 287 et
1475 259 1537 287 huic
1555 263 1655 286 tantum
1675 259 1714 286 rei
1737 263 1849 286 vacant:

1064 304 1167 332 etiamsi
1176 305 1251 340 pauci
1259 305 1365 337 fuerint,
1374 305 1417 340 qui
1427 309 1612 340 peccaverunt,
1625 304 1723 332 faciunt
1731 309 1760 332 ut
1775 305 1852 332 mutii

1063 357 1123 377 esse
1136 354 1261 384 putentur
1275 358 1281 376 :
1301 350 1341 378 sic
1355 350 1398 384 qui
1411 350 1549 384 cohibent,
1569 358 1600 378 ac
1617 350 1749 378 silentium
1764 351 1845 384 impo.

1065 400 1131 423 nunt
1140 396 1344 430 lraductoribus,
1354 397 1634 432 lapsorumquecuram
1644 396 1751 429 habent,
1759 396 1853 423 ctiam-

1065 442 1087 470 si
1107 442 1182 469 multi
1198 443 1314 475 fuerint;
1337 447 1365 470 et
1377 450 1424 470 eos
1454 443 1525 478 ipsos
1541 443 1618 471 facile
1631 443 1782 477 corrigunt,
1803 450 1852 469 nec

1068 489 1217 522 quempiam
1233 489 1323 515 sinunt
1335 496 1367 516 ex
1378 488 1473 515 horum
1489 488 1557 516 fama
1577 488 1647 515 lzcdi.
1664 488 1720 514 Non
1739 487 1833 515 audisti
1844 508 1851 519 ,

1065 534 1140 567 Quod
1155 534 1236 561 David
1249 534 1389 568 deplorans
1404 533 1522 567 Saﬁlem,
1534 533 1600 561 dixit
1614 542 1620 560 :
1638 533 1769 567 Quomodo
1784 533 1850 559 ceci-

1066 579 1157 606 derunt
1173 580 1305 615 potentes?
1327 579 1368 606 Ne
1390 580 1601 607 annunciaverilis
1622 580 1650 606 in
1672 578 1753 612 Gelli,
1776 587 1854 612 neque

1066 625 1262 660 pra’dicaverilis
1275 625 1301 652 in
1315 625 1360 652 viis
1371 625 1521 657 Ascalonis;
1536 633 1568 652 ne
1581 625 1696 651 fatemur
1718 624 1779 657 ﬁlice
1792 623 1854 650 alic-

1067 671 1231 705 nigenarum,
1254 678 1332 705 neque
1357 670 1479 698 exsultent
1490 670 1552 704 ﬁlia:
1563 670 1794 697 incircumcisorum
1808 669 1817 704 (
1825 669 1853 696 εὶ.

1068 715 1132 751 Reg.
1150 717 1174 743 ‘l.
1193 716 1236 744 l9.
1248 716 1306 753 20).
1331 716 1408 750 Quod
1425 717 1447 743 si
1463 716 1507 744 ille
1520 724 1575 744 rem
1589 716 1755 743 manifestam
1771 715 1854 742 noluit

1068 762 1196 797 evulgari,
1211 770 1244 789 ne
1255 762 1415 790 adversariis
1428 763 1544 797 gigneret
1559 762 1720 797 voluptatem
1735 769 1742 788 :
1757 766 1854 796 quanto

1069 807 1153 842 magis
1166 815 1220 835 non
1233 812 1338 842 oportet
1351 808 1408 835 haec
1420 808 1515 835 efferre
1527 807 1561 834 ad
1575 815 1653 834 aures
1663 807 1780 834 alienas:
1791 808 1854 842 quin

1067 860 1118 880 nec
1131 852 1163 879 ad
1180 857 1330 880 nostrorum
1343 860 1422 880 aures
1438 861 1445 880 :
1462 857 1490 880 ut
1502 860 1587 887 neque
1602 853 1692 880 hostes
1717 852 1854 880 audientes

1066 898 1215 932 gaudeant,
1238 905 1323 933 neque
1347 898 1430 925 nostri
1450 905 1479 925 re
1491 898 1595 932 cognita
1617 897 1757 925 concidant
1776 904 1784 923 :
1806 897 1854 924 sed

1067 948 1170 978 oportet
1179 944 1306 971 cohibere
1312 951 1446 972 rumorem
1455 948 1481 971 et
1490 943 1662 978 undequaque
1672 950 1853 978 compescere.

1067 990 1106 1017 Ne
1117 990 1180 1017 mihi
1194 989 1305 1023 dixeris,
1320 989 1372 1016 1100
1390 990 1427 1017 illi
1441 989 1496 1017 dixi
1509 997 1516 1015 :
1538 988 1607 1024 apud
1622 989 1734 1023 teipsum
1748 989 1855 1016 contine

1067 1035 1188 1063 verbum.
1204 1035 1279 1062 Sicut
1290 1035 1359 1062 enim
1377 1040 1404 1062 tu
1417 1042 1469 1062 non
1483 1034 1591 1070 potuisti
1614 1039 1702 1062 tacere
1714 1054 1723 1067 ,
1748 1034 1784 1060 ita
1806 1041 1854 1060 nec

1067 1081 1113 1109 ille
1125 1081 1221 1116 poterit
1234 1081 1291 1108 hate
1303 1081 1373 1116 apud
1388 1088 1447 1109 sese
1458 1081 1606 1108 continere.

1103 1126 1130 1154 5.
1146 1126 1207 1154 Haec
1221 1134 1273 1154 non
1283 1126 1317 1154 de
1328 1127 1377 1153 hoc
1390 1130 1523 1161 praesente
1543 1130 1644 1153 tantum
1656 1125 1757 1161 jejunio
1772 1125 1831 1152 dico
1847 1146 1854 1157 ,

1067 1173 1114 1200 sed
1125 1172 1159 1200 de
1169 1173 1272 1200 cancris
1287 1173 1366 1200 etiam
1380 1172 1614 1200 innumerabilibus
1626 1173 1748 1207 peccatis.
1757 1171 1796 1199 Ne
1805 1170 1856 1198 hoc

1067 1218 1265 1246 consideremus
1276 1223 1387 1252 tantum,
1402 1225 1436 1246 an
1447 1218 1522 1245 multi
1532 1218 1585 1245 sint
1595 1218 1698 1252 abrepti
1711 1225 1717 1244 :
1732 1217 1780 1244 sed
1790 1216 1856 1244 illud

1068 1264 1277 1297 consideremus,
1287 1263 1419 1299 quomodo
1426 1263 1484 1291 illos
1492 1263 1659 1291 reducamus.
1668 1262 1706 1290 Ne
1712 1269 1856 1298 exaggere-

1068 1316 1127 1336 mus
1140 1317 1183 1336 res
1193 1309 1320 1343 hostium,
1332 1316 1364 1338 ac
1376 1313 1481 1337 nostras
1494 1309 1650 1344 dejiciamus
1665 1317 1671 1335 :
1687 1316 1721 1336 ne
1736 1308 1795 1336 illos
1805 1316 1855 1343 po-

1068 1358 1154 1382 tentes
1166 1355 1348 1388 ostendamus,
1362 1359 1467 1382 nostras
1481 1362 1544 1382 vero
1556 1362 1599 1382 res
1617 1354 1762 1382 imbecilles
1774 1361 1781 1387 ;
1808 1354 1856 1381 sed

1068 1400 1157 1427 omnia
1179 1400 1266 1435 potius
1279 1400 1305 1428 iu
1333 1400 1495 1428 contrarium
1515 1400 1654 1428 faciamus.
1673 1399 1753 1427 Novit
1776 1400 1856 1427 etiam

1068 1444 1138 1472 fama
1151 1453 1221 1480 saepe
1234 1446 1276 1473 vel
1285 1445 1411 1481 dejicere,
1424 1447 1466 1473 vel
1481 1446 1582 1482 erigere
1595 1445 1712 1473 animttm
1723 1465 1730 1478 ,
1755 1449 1782 1473 et
1799 1445 1857 1472 ala-

1069 1491 1200 1524 critatem,
1216 1498 1274 1525 quae
1287 1499 1342 1518 non
1362 1490 1425 1525 fuit,
1442 1491 1567 1527 injicere;
1581 1495 1608 1518 et
1629 1498 1687 1518 eam
1709 1498 1769 1526 quae
1790 1490 1855 1523 fuit.

1068 1543 1174 1564 rursum
1188 1537 1343 1564 dissolvere.
1357 1537 1470 1571 Ideoque
1482 1544 1588 1569 ntoneo,
1605 1541 1633 1564 ut
1654 1536 1714 1564 illos
1735 1543 1857 1564 rumores

1069 1589 1223 1616 augeamus,
1238 1583 1282 1617 qui
1297 1590 1340 1610 res
1355 1587 1459 1610 nostras
1472 1583 1613 1616 attollunt,
1633 1590 1796 1618 magnasque
1816 1583 1856 1609 vi-

1070 1628 1128 1655 deri
1142 1628 1242 1656 faciunt
1257 1638 1264 1655 :
1283 1636 1335 1656 non
1350 1634 1440 1656 autem
1453 1629 1514 1656 illos
1526 1630 1570 1664 qui
1587 1630 1634 1656 toti
1651 1629 1761 1656 fratrum
1775 1629 1856 1656 soda-

1070 1673 1135 1701 litati
1146 1674 1262 1701 dedecus
1270 1674 1502 1716 olfunduntﬁuod
1510 1675 1531 1702 si
1540 1674 1602 1710 quid
1610 1675 1774 1702 audierimus
1783 1674 1856 1707 boni,

1070 1720 1140 1756 apud
1155 1728 1248 1748 ontnes
1262 1720 1425 1753 proferamus
1439 1730 1445 1748 :
1461 1721 1484 1749 si
1498 1721 1560 1756 quid
1572 1729 1634 1749 vero
1644 1721 1705 1748 mali
1720 1721 1856 1755 pravique,

1071 1767 1140 1802 apud
1155 1774 1204 1794 nos
1218 1767 1291 1802 ipsos
1304 1767 1477 1801 occultemus,
1498 1767 1576 1803 idque
1590 1772 1619 1795 ut
1630 1768 1768 1802 tollamus,
1791 1767 1858 1796 nihil

1071 1821 1124 1840 non
1133 1812 1270 1840 faciamus.
1280 1813 1439 1848 Nuncigitur
1445 1813 1657 1848 obambulemus,
1668 1815 1772 1843 curiose
1782 1822 1858 1842 scru-

1072 1863 1168 1892 temur,
1181 1859 1393 1894 contemplemur
1403 1867 1459 1892 eos,
1479 1860 1524 1895 qui
1536 1860 1603 1895 lapsi
1615 1863 1679 1888 sunt
1694 1870 1700 1887 :
1716 1861 1856 1888 etiamsiin

1071 1903 1142 1931 aedes
1159 1908 1279 1939 oporteat
1292 1905 1404 1940 ingredi,
1425 1913 1458 1933 ne
1467 1913 1620 1939 gravemur.
1637 1906 1712 1940 Quod
1721 1906 1743 1934 si
1753 1906 1857 1941 ignotus

1070 1949 1160 1983 fuerit,
1175 1958 1225 1978 nec
1232 1951 1284 1978 ulla
1303 1958 1335 1978 ex
1347 1952 1461 1986 partead
1472 1958 1496 1979 te
1504 1953 1649 1986 pertinens,
1661 1953 1683 1980 is
1693 1953 1737 1987 qui
1753 1953 1856 1985 cecidit.

1069 2000 1198 2028 scrutare,
1205 2000 1262 2024 esto
1270 1996 1399 2030 curiosus,
1409 2004 1486 2032 quem
1495 1997 1589 2025 habeat
1596 1998 1709 2026 amicum
1718 2004 1762 2026 aut
1768 2006 1856 2027 neces-

1068 2042 1178 2075 sarium,
1196 2046 1223 2069 et
1234 2042 1793 2080 cuimaximeobtemperet,hocassumpto,
1813 2046 1856 2072 in-

1069 2088 1180 2124 gredere
1188 2088 1214 2115 in
1221 2089 1302 2122 aedes,
1312 2093 1377 2116 nete
1386 2089 1493 2125 pudeat,
1503 2097 1589 2125 neque
1603 2090 1755 2118 erubescas.
1769 2091 1797 2119 Si
1817 2092 1858 2119 in-

1068 2135 1217 2170 gredereris
1225 2136 1361 2171 pecuniam
1381 2135 1624 2171 postulaturus,aut
1640 2136 1797 2165 beneﬁcium
1813 2145 1858 2165 ac-

1068 2187 1193 2217 cepturus
1207 2182 1241 2209 ab
1251 2183 1420 2218 illo,tequum
1429 2187 1487 2210 erat
1495 2182 1704 2211 erubescerezsi
1725 2190 1790 2211 vero
1808 2191 1858 2219 pro

1068 2229 1139 2256 illius
1145 2229 1229 2256 salute
1236 2236 1337 2262 curras,
1347 2229 1453 2256 occasio
1459 2229 1582 2256 introitus
1587 2229 1660 2257 omni
1668 2233 1694 2256 te
1701 2229 1795 2257 liberat
1803 2230 1855 2257 cri-

1068 2275 1148 2302 mine.
1160 2275 1254 2302 Asside
1262 2281 1336 2308 sane,
1346 2275 1453 2310 laquere
1461 2283 1520 2302 cum
1531 2275 1586 2308 illo,
1596 2275 1655 2303 aliis
1660 2275 1693 2303 de
1701 2274 1780 2303 rebus
1788 2275 1858 2303 facto

1067 2321 1198 2349 sermonis
1207 2321 1327 2354 exordio,
1338 2328 1391 2356 quo
1400 2322 1530 2349 correctio
1540 2327 1629 2349 careat
1636 2321 1796 2356 suspicione.
1810 2321 1856 2349 Dic

1068 2369 1144 2404 mihi,
1161 2369 1288 2397 laudasne
1300 2369 1406 2397 Judatos
1420 2376 1452 2396 eo
1473 2368 1543 2404 quod
1557 2368 1691 2396 Christum
1714 2368 1855 2397 01110111χο-

1068 2416 1130 2448 rint,
1144 2416 1268 2451 quodque
1282 2423 1342 2443 eum
1356 2415 1434 2442 hodie
1447 2415 1575 2442 conviciis
1589 2414 1705 2443 afﬁciant
1716 2435 1724 2450 ,
1740 2419 1768 2442 et
1787 2415 1855 2450 legis

1067 2466 1289 2497 transgressorem
1309 2460 1464 2496 appellent?
1482 2460 1604 2488 Profecto
1622 2468 1676 2488 non
1695 2460 1852 2494 sustinebit,

1066 2508 1094 2534 si-
1104 2507 1182 2534 fuerit
1204 2507 1388 2539 Christianus,
1414 2506 1519 2534 etiamsi
1536 2506 1632 2533 millies
1649 2506 1782 2541 judaizet,
1802 2513 1855 2534 non

1066 2553 1318 2586 sustinebitdicere,
1334 2552 1413 2580 laudo
1426 2561 1433 2579 :
1448 2552 1496 2580 sed
1510 2552 1647 2580 obturabit
1660 2559 1749 2586 aures,
1766 2553 1856 2582 dicato

1066 2607 1117 2634 que
1132 2599 1189 2633 tibi,
1205 2599 1288 2632 absit;
1305 2599 1375 2627 bona
1389 2599 1479 2631 verba,
1501 2605 1602 2634 quaeso.
1626 2599 1692 2626 Dein
1713 2607 1774 2627 cum
1791 2607 1852 2627 eum

1065 2644 1115 2671 hac
1136 2645 1162 2671 in
1184 2653 1212 2671 re
1226 2648 1313 2672 tecum
1331 2645 1540 2672 consentientem
1561 2645 1739 2679 compereris,
1761 2653 1855 2674 rursus

1065 2690 1203 2723 assumito,
1219 2690 1310 2717 dicens
1323 2699 1330 2717 :
1345 2689 1479 2725 quomodo
1492 2690 1570 2725 igitur
1584 2697 1644 2717 cum
1655 2690 1718 2724 illis,
1726 2690 1768 2718 dic
1775 2691 1852 2724 mihi,

1064 2736 1261 2763 communicas?
1276 2736 1410 2771 quomodo
1424 2736 1556 2771 particeps
1569 2743 1598 2764 es
1625 2735 1705 2763 festi?
1720 2736 1856 2771 quomodo

1063 2789 1123 2810 cum
1146 2781 1199 2810 illis
1222 2781 1343 2816 jejunus?
1361 2781 1481 2809 Posthzec
1495 2790 1589 2810 accusa
1604 2782 1708 2810 illorum
1724 2782 1854 2817 improbi-

1064 2831 1156 2860 tatem,
1183 2835 1287 2863 expoue
1297 2835 1402 2855 omnem
1419 2828 1596 2863 iniquitatem,
1612 2837 1691 2864 quam
1705 2829 1853 2864 superiori-

1063 2874 1113 2902 bus
1125 2873 1217 2902 diebus
1230 2873 1370 2902 narrabam
1382 2874 1450 2909 apud
1462 2879 1576 2903 vestram
1590 2875 1738 2910 caritatem,
1753 2885 1766 2904 a
1782 2877 1855 2908 loco.
