  <div class='ocr_page' id='page_1' title='image "/cluster/home/n/w/nwhite01/storage/ocr_20150623/47-48/njp.32101077772612/903.png"; bbox 0 0 2043 3116; ppageno 0'>
   <div class='ocr_carea' id='block_1_1' title="bbox 205 161 255 188">
    <p class='ocr_par' dir='ltr' id='par_1_1' title="bbox 205 161 255 188">
     <span class='ocr_line' id='line_1_1' title="bbox 205 161 255 188; baseline 0.06 -4"><span class='ocrx_word' id='word_1_1' title='bbox 205 161 255 188; x_wconf 65' lang='grc'><strong>935</strong></span> 
     </span>
    </p>
   </div>
   <div class='ocr_carea' id='block_1_2' title="bbox 206 230 994 268">
    <p class='ocr_par' dir='ltr' id='par_1_2' title="bbox 206 230 994 268">
     <span class='ocr_line' id='line_1_2' title="bbox 206 230 994 268; baseline -0.004 -9"><span class='ocrx_word' id='word_1_2' title='bbox 206 239 220 258; x_wconf 76' lang='lat' dir='ltr'><strong>tt</strong></span> <span class='ocrx_word' id='word_1_3' title='bbox 231 235 364 266; x_wconf 86' lang='lat' dir='ltr'><strong>tempore,</strong></span> <span class='ocrx_word' id='word_1_4' title='bbox 375 239 388 258; x_wconf 88' lang='lat' dir='ltr'><strong>a</strong></span> <span class='ocrx_word' id='word_1_5' title='bbox 400 233 510 268; x_wconf 85' lang='lat' dir='ltr'><strong>templo,</strong></span> <span class='ocrx_word' id='word_1_6' title='bbox 522 241 536 260; x_wconf 80' lang='lat' dir='ltr'><strong>a</strong></span> <span class='ocrx_word' id='word_1_7' title='bbox 550 233 720 268; x_wconf 72' lang='lat' dir='ltr'><strong>praedictione</strong></span> <span class='ocrx_word' id='word_1_8' title='bbox 734 231 923 266; x_wconf 81' lang='lat' dir='ltr'><strong>prophetarum</strong></span> <span class='ocrx_word' id='word_1_9' title='bbox 934 230 994 257; x_wconf 85' lang='lat' dir='ltr'><strong>red-</strong></span> 
     </span>
    </p>
   </div>
   <div class='ocr_carea' id='block_1_3' title="bbox 207 276 996 314">
    <p class='ocr_par' dir='ltr' id='par_1_3' title="bbox 207 276 996 314">
     <span class='ocr_line' id='line_1_3' title="bbox 207 276 996 314; baseline -0.001 -10"><span class='ocrx_word' id='word_1_10' title='bbox 207 279 292 313; x_wconf 81' lang='lat' dir='ltr'><strong>argui.</strong></span> <span class='ocrx_word' id='word_1_11' title='bbox 313 278 429 307; x_wconf 78' lang='lat' dir='ltr'><strong>Ostende</strong></span> <span class='ocrx_word' id='word_1_12' title='bbox 447 279 579 314; x_wconf 91' lang='lat' dir='ltr'><strong>quomodo</strong></span> <span class='ocrx_word' id='word_1_13' title='bbox 593 278 692 305; x_wconf 84' lang='lat' dir='ltr'><strong>frustra</strong></span> <span class='ocrx_word' id='word_1_14' title='bbox 706 282 734 305; x_wconf 89' lang='lat' dir='ltr'><strong>et</strong></span> <span class='ocrx_word' id='word_1_15' title='bbox 759 278 892 305; x_wconf 87' lang='lat' dir='ltr'><strong>incassum</strong></span> <span class='ocrx_word' id='word_1_16' title='bbox 908 276 996 304; x_wconf 84' lang='lat' dir='ltr'><strong>omnia</strong></span> 
     </span>
    </p>
   </div>
   <div class='ocr_carea' id='block_1_4' title="bbox 209 321 996 359">
    <p class='ocr_par' dir='ltr' id='par_1_4' title="bbox 209 321 996 359">
     <span class='ocr_line' id='line_1_4' title="bbox 209 321 996 359; baseline -0.003 -9"><span class='ocrx_word' id='word_1_17' title='bbox 209 322 310 351; x_wconf 86' lang='lat' dir='ltr'><strong>faciunt</strong></span> <span class='ocrx_word' id='word_1_18' title='bbox 323 344 331 356; x_wconf 91' lang='lat'><strong>,</strong></span> <span class='ocrx_word' id='word_1_19' title='bbox 359 332 407 351; x_wconf 89' lang='lat' dir='ltr'><strong>nec</strong></span> <span class='ocrx_word' id='word_1_20' title='bbox 433 331 558 359; x_wconf 82' lang='lat' dir='ltr'><strong>umquam</strong></span> <span class='ocrx_word' id='word_1_21' title='bbox 574 323 607 351; x_wconf 88' lang='lat' dir='ltr'><strong>ad</strong></span> <span class='ocrx_word' id='word_1_22' title='bbox 621 324 761 358; x_wconf 89' lang='lat' dir='ltr'><strong>pristinum</strong></span> <span class='ocrx_word' id='word_1_23' title='bbox 775 328 872 350; x_wconf 87' lang='lat' dir='ltr'><strong>statum</strong></span> <span class='ocrx_word' id='word_1_24' title='bbox 887 321 996 350; x_wconf 89' lang='lat' dir='ltr'><strong>redituri</strong></span> 
     </span>
    </p>
   </div>
   <div class='ocr_carea' id='block_1_5' title="bbox 208 369 996 405">
    <p class='ocr_par' dir='ltr' id='par_1_5' title="bbox 208 369 996 405">
     <span class='ocr_line' id='line_1_5' title="bbox 208 369 996 405; baseline -0.003 -9"><span class='ocrx_word' id='word_1_25' title='bbox 208 375 270 397; x_wconf 89' lang='lat' dir='ltr'><strong>sunt</strong></span> <span class='ocrx_word' id='word_1_26' title='bbox 283 390 290 402; x_wconf 92' lang='lat'><strong>,</strong></span> <span class='ocrx_word' id='word_1_27' title='bbox 317 370 440 405; x_wconf 80' lang='lat' dir='ltr'><strong>quodque</strong></span> <span class='ocrx_word' id='word_1_28' title='bbox 466 369 506 397; x_wconf 90' lang='lat' dir='ltr'><strong>fas</strong></span> <span class='ocrx_word' id='word_1_29' title='bbox 530 370 582 398; x_wconf 88' lang='lat' dir='ltr'><strong>illis</strong></span> <span class='ocrx_word' id='word_1_30' title='bbox 596 377 650 397; x_wconf 89' lang='lat' dir='ltr'><strong>non</strong></span> <span class='ocrx_word' id='word_1_31' title='bbox 663 373 703 398; x_wconf 87' lang='lat' dir='ltr'><strong>est</strong></span> <span class='ocrx_word' id='word_1_32' title='bbox 716 375 790 397; x_wconf 88' lang='lat' dir='ltr'><strong>extra</strong></span> <span class='ocrx_word' id='word_1_33' title='bbox 802 369 996 404; x_wconf 79' lang='lat' dir='ltr'><strong>Jerosolymam</strong></span> 
     </span>
    </p>
   </div>
   <div class='ocr_carea' id='block_1_6' title="bbox 206 414 998 450">
    <p class='ocr_par' dir='ltr' id='par_1_6' title="bbox 206 414 998 450">
     <span class='ocr_line' id='line_1_6' title="bbox 206 414 998 450; baseline -0.003 -8"><span class='ocrx_word' id='word_1_34' title='bbox 206 415 348 450; x_wconf 86' lang='lat' dir='ltr'><strong>quidquam</strong></span> <span class='ocrx_word' id='word_1_35' title='bbox 369 416 420 443; x_wconf 88' lang='lat' dir='ltr'><strong>tale</strong></span> <span class='ocrx_word' id='word_1_36' title='bbox 435 415 534 444; x_wconf 87' lang='lat' dir='ltr'><strong>facere.</strong></span> <span class='ocrx_word' id='word_1_37' title='bbox 560 415 600 443; x_wconf 82' lang='lat' dir='ltr'><strong>Ad</strong></span> <span class='ocrx_word' id='word_1_38' title='bbox 624 415 681 443; x_wconf 55' lang='lat' dir='ltr'><strong>haec</strong></span> <span class='ocrx_word' id='word_1_39' title='bbox 704 414 926 443; x_wconf 75' lang='lat' dir='ltr'><strong>commonefacias</strong></span> <span class='ocrx_word' id='word_1_40' title='bbox 952 421 998 448; x_wconf 78' lang='lat' dir='ltr'><strong>ge-</strong></span> 
     </span>
    </p>
   </div>
   <div class='ocr_carea' id='block_1_7' title="bbox 207 460 996 495">
    <p class='ocr_par' dir='ltr' id='par_1_7' title="bbox 207 460 996 495">
     <span class='ocr_line' id='line_1_7' title="bbox 207 460 996 495; baseline -0.003 -7"><span class='ocrx_word' id='word_1_41' title='bbox 207 462 314 494; x_wconf 73' lang='lat' dir='ltr'><strong>hennae,</strong></span> <span class='ocrx_word' id='word_1_42' title='bbox 340 461 501 490; x_wconf 90' lang='lat' dir='ltr'><strong>formidandi</strong></span> <span class='ocrx_word' id='word_1_43' title='bbox 517 462 655 490; x_wconf 90' lang='lat' dir='ltr'><strong>tribunalis</strong></span> <span class='ocrx_word' id='word_1_44' title='bbox 674 461 796 494; x_wconf 79' lang='lat' dir='ltr'><strong>Domini,</strong></span> <span class='ocrx_word' id='word_1_45' title='bbox 821 460 996 495; x_wconf 66' lang='lat' dir='ltr'><strong>quaestionum</strong></span> 
     </span>
    </p>
   </div>
   <div class='ocr_carea' id='block_1_8' title="bbox 211 507 994 546">
    <p class='ocr_par' dir='ltr' id='par_1_8' title="bbox 211 507 994 546">
     <span class='ocr_line' id='line_1_8' title="bbox 211 507 994 546; baseline -0.001 -11"><span class='ocrx_word' id='word_1_46' title='bbox 211 516 271 543; x_wconf 80' lang='lat' dir='ltr'><strong>qua:</strong></span> <span class='ocrx_word' id='word_1_47' title='bbox 286 509 340 536; x_wconf 92' lang='lat' dir='ltr'><strong>illic</strong></span> <span class='ocrx_word' id='word_1_48' title='bbox 353 509 495 544; x_wconf 76' lang='lat' dir='ltr'><strong>habentur,</strong></span> <span class='ocrx_word' id='word_1_49' title='bbox 518 510 643 546; x_wconf 86' lang='lat' dir='ltr'><strong>quodque</strong></span> <span class='ocrx_word' id='word_1_50' title='bbox 655 510 760 537; x_wconf 89' lang='lat' dir='ltr'><strong>illorum</strong></span> <span class='ocrx_word' id='word_1_51' title='bbox 776 508 895 536; x_wconf 92' lang='lat' dir='ltr'><strong>omnium</strong></span> <span class='ocrx_word' id='word_1_52' title='bbox 909 507 994 535; x_wconf 85' lang='lat' dir='ltr'><strong>reddi-</strong></span> 
     </span>
    </p>
   </div>
   <div class='ocr_carea' id='block_1_9' title="bbox 209 555 997 591">
    <p class='ocr_par' dir='ltr' id='par_1_9' title="bbox 209 555 997 591">
     <span class='ocr_line' id='line_1_9' title="bbox 209 555 997 591; baseline -0.003 -10"><span class='ocrx_word' id='word_1_53' title='bbox 209 555 258 582; x_wconf 83' lang='lat' dir='ltr'><strong>turi</strong></span> <span class='ocrx_word' id='word_1_54' title='bbox 273 562 365 584; x_wconf 82' lang='lat' dir='ltr'><strong>sumus</strong></span> <span class='ocrx_word' id='word_1_55' title='bbox 380 557 523 590; x_wconf 85' lang='lat' dir='ltr'><strong>rationem,</strong></span> <span class='ocrx_word' id='word_1_56' title='bbox 537 560 564 583; x_wconf 87' lang='lat' dir='ltr'><strong>et</strong></span> <span class='ocrx_word' id='word_1_57' title='bbox 577 556 643 583; x_wconf 88' lang='lat' dir='ltr'><strong>ultio</strong></span> <span class='ocrx_word' id='word_1_58' title='bbox 658 555 778 591; x_wconf 75' lang='lat' dir='ltr'><strong>qumdam</strong></span> <span class='ocrx_word' id='word_1_59' title='bbox 792 562 844 582; x_wconf 92' lang='lat' dir='ltr'><strong>non</strong></span> <span class='ocrx_word' id='word_1_60' title='bbox 861 561 939 589; x_wconf 83' lang='lat' dir='ltr'><strong>parva</strong></span> <span class='ocrx_word' id='word_1_61' title='bbox 953 560 997 580; x_wconf 85' lang='lat' dir='ltr'><strong>re-</strong></span> 
     </span>
    </p>
   </div>
   <div class='ocr_carea' id='block_1_10' title="bbox 210 599 998 637">
    <p class='ocr_par' dir='ltr' id='par_1_10' title="bbox 210 599 998 637">
     <span class='ocr_line' id='line_1_10' title="bbox 210 599 998 637; baseline -0.004 -9"><span class='ocrx_word' id='word_1_62' title='bbox 210 601 294 635; x_wconf 75' lang='lat' dir='ltr'><strong>posita</strong></span> <span class='ocrx_word' id='word_1_63' title='bbox 309 607 349 630; x_wconf 81' lang='lat' dir='ltr'><strong>est</strong></span> <span class='ocrx_word' id='word_1_64' title='bbox 361 603 420 634; x_wconf 88' lang='lat' dir='ltr'><strong>eis,</strong></span> <span class='ocrx_word' id='word_1_65' title='bbox 439 603 483 637; x_wconf 92' lang='lat' dir='ltr'><strong>qui</strong></span> <span class='ocrx_word' id='word_1_66' title='bbox 506 602 568 630; x_wconf 80' lang='lat' dir='ltr'><strong>talia</strong></span> <span class='ocrx_word' id='word_1_67' title='bbox 590 601 696 629; x_wconf 85' lang='lat' dir='ltr'><strong>audent.</strong></span> <span class='ocrx_word' id='word_1_68' title='bbox 722 599 947 628; x_wconf 85' lang='lat' dir='ltr'><strong>Commonefacito</strong></span> <span class='ocrx_word' id='word_1_69' title='bbox 971 602 998 626; x_wconf 90' lang='lat' dir='ltr'><strong>et</strong></span> 
     </span>
    </p>
   </div>
   <div class='ocr_carea' id='block_1_11' title="bbox 210 644 998 684">
    <p class='ocr_par' dir='ltr' id='par_1_11' title="bbox 210 644 998 684">
     <span class='ocr_line' id='line_1_11' title="bbox 210 644 998 684; baseline -0.004 -11"><span class='ocrx_word' id='word_1_70' title='bbox 210 646 283 674; x_wconf 82' lang='lat' dir='ltr'><strong>Pauli</strong></span> <span class='ocrx_word' id='word_1_71' title='bbox 298 647 412 676; x_wconf 77' lang='lat' dir='ltr'><strong>dicentis</strong></span> <span class='ocrx_word' id='word_1_72' title='bbox 425 649 591 684; x_wconf 76' lang='lat' dir='ltr'><strong>:Quicumque</strong></span> <span class='ocrx_word' id='word_1_73' title='bbox 600 649 626 675; x_wconf 87' lang='lat' dir='ltr'><strong>in</strong></span> <span class='ocrx_word' id='word_1_74' title='bbox 637 649 691 683; x_wconf 86' lang='lat' dir='ltr'><strong>lege</strong></span> <span class='ocrx_word' id='word_1_75' title='bbox 701 645 892 683; x_wconf 76' lang='lat' dir='ltr'><strong>justi/icamini,</strong></span> <span class='ocrx_word' id='word_1_76' title='bbox 917 644 998 679; x_wconf 85' lang='lat' dir='ltr'><strong>gratia</strong></span> 
     </span>
    </p>
   </div>
   <div class='ocr_carea' id='block_1_12' title="bbox 209 690 998 731">
    <p class='ocr_par' dir='ltr' id='par_1_12' title="bbox 209 690 998 731">
     <span class='ocr_line' id='line_1_12' title="bbox 209 690 998 731; baseline -0.004 -11"><span class='ocrx_word' id='word_1_77' title='bbox 209 695 339 722; x_wconf 68' lang='lat' dir='ltr'><strong>excidisti:</strong></span> <span class='ocrx_word' id='word_1_78' title='bbox 353 694 423 731; x_wconf 86' lang='lat' dir='ltr'><strong>(Gal.</strong></span> <span class='ocrx_word' id='word_1_79' title='bbox 438 695 464 722; x_wconf 84' lang='lat'><strong>5.</strong></span> <span class='ocrx_word' id='word_1_80' title='bbox 481 695 515 730; x_wconf 69' lang='grc'><strong>’4)</strong></span> <span class='ocrx_word' id='word_1_81' title='bbox 531 704 536 722; x_wconf 93' lang='lat'><strong>:</strong></span> <span class='ocrx_word' id='word_1_82' title='bbox 565 699 592 722; x_wconf 89' lang='lat' dir='ltr'><strong>et</strong></span> <span class='ocrx_word' id='word_1_83' title='bbox 616 702 708 721; x_wconf 85' lang='lat' dir='ltr'><strong>rursus</strong></span> <span class='ocrx_word' id='word_1_84' title='bbox 731 691 918 720; x_wconf 85' lang='lat' dir='ltr'><strong>comminantis</strong></span> <span class='ocrx_word' id='word_1_85' title='bbox 933 700 939 718; x_wconf 75' lang='grc' dir='ltr'>ε</span> <span class='ocrx_word' id='word_1_86' title='bbox 968 690 998 717; x_wconf 85' lang='lat' dir='ltr'><strong>Si</strong></span> 
     </span>
    </p>
   </div>
   <div class='ocr_carea' id='block_1_13' title="bbox 208 736 996 773">
    <p class='ocr_par' dir='ltr' id='par_1_13' title="bbox 208 736 996 773">
     <span class='ocr_line' id='line_1_13' title="bbox 208 736 996 773; baseline -0.004 -8"><span class='ocrx_word' id='word_1_87' title='bbox 208 736 434 773; x_wconf 78' lang='lat' dir='ltr'><strong>rircumcidamini,</strong></span> <span class='ocrx_word' id='word_1_88' title='bbox 451 740 566 768; x_wconf 74' lang='lat' dir='ltr'><strong>Christus</strong></span> <span class='ocrx_word' id='word_1_89' title='bbox 577 740 642 767; x_wconf 82' lang='lat' dir='ltr'><strong>nihil</strong></span> <span class='ocrx_word' id='word_1_90' title='bbox 651 740 719 766; x_wconf 81' lang='lat' dir='ltr'><strong>vobis</strong></span> <span class='ocrx_word' id='word_1_91' title='bbox 731 738 843 773; x_wconf 78' lang='lat' dir='ltr'><strong>proderit</strong></span> <span class='ocrx_word' id='word_1_92' title='bbox 856 737 908 773; x_wconf 87' lang='lat' dir='ltr'><strong>(1b.</strong></span> <span class='ocrx_word' id='word_1_93' title='bbox 923 745 945 764; x_wconf 84' lang='grc' dir='ltr'><strong>υ.</strong></span> <span class='ocrx_word' id='word_1_94' title='bbox 957 737 996 772; x_wconf 75' lang='lat'><strong>2).</strong></span> 
     </span>
    </p>
   </div>
   <div class='ocr_carea' id='block_1_14' title="bbox 209 784 999 822">
    <p class='ocr_par' dir='ltr' id='par_1_14' title="bbox 209 784 999 822">
     <span class='ocr_line' id='line_1_14' title="bbox 209 784 999 822; baseline -0.001 -11"><span class='ocrx_word' id='word_1_95' title='bbox 209 785 358 820; x_wconf 78' lang='lat' dir='ltr'><strong>Dicitoque.</strong></span> <span class='ocrx_word' id='word_1_96' title='bbox 375 786 445 821; x_wconf 82' lang='lat' dir='ltr'><strong>quod</strong></span> <span class='ocrx_word' id='word_1_97' title='bbox 458 786 680 822; x_wconf 86' lang='lat' dir='ltr'><strong>quemadmodum</strong></span> <span class='ocrx_word' id='word_1_98' title='bbox 705 785 889 818; x_wconf 87' lang='lat' dir='ltr'><strong>circumcisio,</strong></span> <span class='ocrx_word' id='word_1_99' title='bbox 913 784 947 811; x_wconf 89' lang='lat' dir='ltr'><strong>ita</strong></span> <span class='ocrx_word' id='word_1_100' title='bbox 972 788 999 811; x_wconf 89' lang='lat' dir='ltr'><strong>ct</strong></span> 
     </span>
    </p>
   </div>
   <div class='ocr_carea' id='block_1_15' title="bbox 209 830 999 867">
    <p class='ocr_par' dir='ltr' id='par_1_15' title="bbox 209 830 999 867">
     <span class='ocr_line' id='line_1_15' title="bbox 209 830 999 867; baseline -0.006 -7"><span class='ocrx_word' id='word_1_101' title='bbox 209 831 334 866; x_wconf 71' lang='lat' dir='ltr'><strong>ieiunium</strong></span> <span class='ocrx_word' id='word_1_102' title='bbox 345 832 482 860; x_wconf 87' lang='lat' dir='ltr'><strong>Judaicum</strong></span> <span class='ocrx_word' id='word_1_103' title='bbox 497 840 512 861; x_wconf 86' lang='lat' dir='ltr'><strong>e</strong></span> <span class='ocrx_word' id='word_1_104' title='bbox 527 833 598 860; x_wconf 66' lang='lat' dir='ltr'><strong>caelis</strong></span> <span class='ocrx_word' id='word_1_105' title='bbox 606 831 893 867; x_wconf 80' lang='lat' dir='ltr'><strong>expellitjejunantem,</strong></span> <span class='ocrx_word' id='word_1_106' title='bbox 906 830 999 857; x_wconf 90' lang='lat' dir='ltr'><strong>etiam-</strong></span> 
     </span>
    </p>
   </div>
   <div class='ocr_carea' id='block_1_16' title="bbox 209 874 1000 911">
    <p class='ocr_par' dir='ltr' id='par_1_16' title="bbox 209 874 1000 911">
     <span class='ocr_line' id='line_1_16' title="bbox 209 874 1000 911; baseline -0.004 -8"><span class='ocrx_word' id='word_1_107' title='bbox 209 876 230 903; x_wconf 82' lang='lat' dir='ltr'><strong>si</strong></span> <span class='ocrx_word' id='word_1_108' title='bbox 240 876 360 904; x_wconf 75' lang='lat' dir='ltr'><strong>habuerit</strong></span> <span class='ocrx_word' id='word_1_109' title='bbox 367 877 416 904; x_wconf 85' lang='lat' dir='ltr'><strong>alia</strong></span> <span class='ocrx_word' id='word_1_110' title='bbox 425 877 625 905; x_wconf 81' lang='lat' dir='ltr'><strong>innumerabilia</strong></span> <span class='ocrx_word' id='word_1_111' title='bbox 633 876 780 904; x_wconf 81' lang='lat' dir='ltr'><strong>benefacta.</strong></span> <span class='ocrx_word' id='word_1_112' title='bbox 789 876 836 903; x_wconf 90' lang='lat' dir='ltr'><strong>Dic</strong></span> <span class='ocrx_word' id='word_1_113' title='bbox 844 875 913 911; x_wconf 92' lang='lat' dir='ltr'><strong>quod</strong></span> <span class='ocrx_word' id='word_1_114' title='bbox 924 874 1000 902; x_wconf 82' lang='lat' dir='ltr'><strong>Chri-</strong></span> 
     </span>
    </p>
   </div>
   <div class='ocr_carea' id='block_1_17' title="bbox 208 922 998 958">
    <p class='ocr_par' dir='ltr' id='par_1_17' title="bbox 208 922 998 958">
     <span class='ocr_line' id='line_1_17' title="bbox 208 922 998 958; baseline -0.001 -10"><span class='ocrx_word' id='word_1_115' title='bbox 208 922 287 949; x_wconf 78' lang='lat' dir='ltr'><strong>stiani</strong></span> <span class='ocrx_word' id='word_1_116' title='bbox 301 929 407 958; x_wconf 87' lang='lat' dir='ltr'><strong>propter</strong></span> <span class='ocrx_word' id='word_1_117' title='bbox 418 923 468 951; x_wconf 91' lang='lat' dir='ltr'><strong>hoc</strong></span> <span class='ocrx_word' id='word_1_118' title='bbox 474 931 602 951; x_wconf 82' lang='lat' dir='ltr'><strong>vocamur</strong></span> <span class='ocrx_word' id='word_1_119' title='bbox 610 928 636 950; x_wconf 92' lang='lat' dir='ltr'><strong>et</strong></span> <span class='ocrx_word' id='word_1_120' title='bbox 647 930 748 955; x_wconf 90' lang='lat' dir='ltr'><strong>sumus,</strong></span> <span class='ocrx_word' id='word_1_121' title='bbox 758 927 786 949; x_wconf 93' lang='lat' dir='ltr'><strong>ut</strong></span> <span class='ocrx_word' id='word_1_122' title='bbox 793 922 898 950; x_wconf 81' lang='lat' dir='ltr'><strong>Christo</strong></span> <span class='ocrx_word' id='word_1_123' title='bbox 904 929 998 956; x_wconf 87' lang='lat' dir='ltr'><strong>parca-</strong></span> 
     </span>
    </p>
   </div>
   <div class='ocr_carea' id='block_1_18' title="bbox 209 968 998 1003">
    <p class='ocr_par' dir='ltr' id='par_1_18' title="bbox 209 968 998 1003">
     <span class='ocr_line' id='line_1_18' title="bbox 209 968 998 1003; baseline 0 -10"><span class='ocrx_word' id='word_1_124' title='bbox 209 975 278 999; x_wconf 86' lang='lat' dir='ltr'><strong>mus,</strong></span> <span class='ocrx_word' id='word_1_125' title='bbox 290 977 341 996; x_wconf 94' lang='lat' dir='ltr'><strong>non</strong></span> <span class='ocrx_word' id='word_1_126' title='bbox 353 974 380 996; x_wconf 91' lang='lat' dir='ltr'><strong>ut</strong></span> <span class='ocrx_word' id='word_1_127' title='bbox 390 969 422 996; x_wconf 89' lang='lat' dir='ltr'><strong>ad</strong></span> <span class='ocrx_word' id='word_1_128' title='bbox 435 969 524 997; x_wconf 81' lang='lat' dir='ltr'><strong>hostes</strong></span> <span class='ocrx_word' id='word_1_129' title='bbox 533 976 681 997; x_wconf 85' lang='lat' dir='ltr'><strong>curramus.</strong></span> <span class='ocrx_word' id='word_1_130' title='bbox 693 968 767 1003; x_wconf 88' lang='lat' dir='ltr'><strong>Quod</strong></span> <span class='ocrx_word' id='word_1_131' title='bbox 779 969 800 995; x_wconf 89' lang='lat' dir='ltr'><strong>si</strong></span> <span class='ocrx_word' id='word_1_132' title='bbox 812 972 940 1003; x_wconf 70' lang='lat' dir='ltr'><strong>prtelexat</strong></span> <span class='ocrx_word' id='word_1_133' title='bbox 951 975 998 994; x_wconf 82' lang='lat' dir='ltr'><strong>cn—</strong></span> 
     </span>
    </p>
   </div>
   <div class='ocr_carea' id='block_1_19' title="bbox 208 1013 997 1050">
    <p class='ocr_par' dir='ltr' id='par_1_19' title="bbox 208 1013 997 1050">
     <span class='ocr_line' id='line_1_19' title="bbox 208 1013 997 1050; baseline 0 -11"><span class='ocrx_word' id='word_1_134' title='bbox 208 1013 326 1041; x_wconf 81' lang='lat' dir='ltr'><strong>rationes</strong></span> <span class='ocrx_word' id='word_1_135' title='bbox 339 1015 450 1050; x_wconf 79' lang='lat' dir='ltr'><strong>aliquas,</strong></span> <span class='ocrx_word' id='word_1_136' title='bbox 463 1015 585 1050; x_wconf 90' lang='lat' dir='ltr'><strong>dicatque</strong></span> <span class='ocrx_word' id='word_1_137' title='bbox 599 1015 661 1047; x_wconf 64' lang='lat' dir='ltr'><strong>tibi,‘</strong></span> <span class='ocrx_word' id='word_1_138' title='bbox 671 1014 829 1049; x_wconf 87' lang='lat' dir='ltr'><strong>pollicentur</strong></span> <span class='ocrx_word' id='word_1_139' title='bbox 839 1013 997 1046; x_wconf 79' lang='lat' dir='ltr'><strong>remedium,</strong></span> 
     </span>
    </p>
   </div>
   <div class='ocr_carea' id='block_1_20' title="bbox 209 1059 997 1096">
    <p class='ocr_par' dir='ltr' id='par_1_20' title="bbox 209 1059 997 1096">
     <span class='ocr_line' id='line_1_20' title="bbox 209 1059 997 1096; baseline 0.001 -12"><span class='ocrx_word' id='word_1_140' title='bbox 209 1063 236 1084; x_wconf 82' lang='lat' dir='ltr'><strong>et</strong></span> <span class='ocrx_word' id='word_1_141' title='bbox 251 1059 310 1086; x_wconf 86' lang='lat' dir='ltr'><strong>ideo</strong></span> <span class='ocrx_word' id='word_1_142' title='bbox 325 1060 357 1087; x_wconf 87' lang='lat' dir='ltr'><strong>ad</strong></span> <span class='ocrx_word' id='word_1_143' title='bbox 370 1060 428 1087; x_wconf 88' lang='lat' dir='ltr'><strong>illos</strong></span> <span class='ocrx_word' id='word_1_144' title='bbox 441 1068 520 1088; x_wconf 82' lang='lat' dir='ltr'><strong>curro</strong></span> <span class='ocrx_word' id='word_1_145' title='bbox 534 1070 540 1088; x_wconf 90' lang='lat'>:</span> <span class='ocrx_word' id='word_1_146' title='bbox 553 1060 694 1096; x_wconf 84' lang='lat' dir='ltr'><strong>patefacito</strong></span> <span class='ocrx_word' id='word_1_147' title='bbox 708 1060 812 1087; x_wconf 91' lang='lat' dir='ltr'><strong>illorum</strong></span> <span class='ocrx_word' id='word_1_148' title='bbox 827 1060 997 1095; x_wconf 82' lang='lat' dir='ltr'><strong>imposturas,</strong></span> 
     </span>
    </p>
   </div>
   <div class='ocr_carea' id='block_1_21' title="bbox 207 1103 1000 1141">
    <p class='ocr_par' dir='ltr' id='par_1_21' title="bbox 207 1103 1000 1141">
     <span class='ocr_line' id='line_1_21' title="bbox 207 1103 1000 1141; baseline 0.003 -11"><span class='ocrx_word' id='word_1_149' title='bbox 207 1103 411 1139; x_wconf 68' lang='lat' dir='ltr'><strong>incantationes,</strong></span> <span class='ocrx_word' id='word_1_150' title='bbox 419 1105 779 1141; x_wconf 87' lang='lat' dir='ltr'><strong>amuleta,venclicia.Neque</strong></span> <span class='ocrx_word' id='word_1_151' title='bbox 786 1106 855 1133; x_wconf 91' lang='lat' dir='ltr'><strong>enim</strong></span> <span class='ocrx_word' id='word_1_152' title='bbox 862 1105 914 1132; x_wconf 90' lang='lat' dir='ltr'><strong>alio</strong></span> <span class='ocrx_word' id='word_1_153' title='bbox 921 1104 1000 1133; x_wconf 86' lang='lat' dir='ltr'><strong>modo</strong></span> 
     </span>
    </p>
   </div>
   <div class='ocr_carea' id='block_1_22' title="bbox 209 1150 998 1187">
    <p class='ocr_par' dir='ltr' id='par_1_22' title="bbox 209 1150 998 1187">
     <span class='ocr_line' id='line_1_22' title="bbox 209 1150 998 1187; baseline 0.001 -11"><span class='ocrx_word' id='word_1_154' title='bbox 209 1150 332 1178; x_wconf 82' lang='lat' dir='ltr'><strong>videntur</strong></span> <span class='ocrx_word' id='word_1_155' title='bbox 347 1153 458 1184; x_wconf 74' lang='lat' dir='ltr'><strong>mederi,</strong></span> <span class='ocrx_word' id='word_1_156' title='bbox 473 1160 559 1187; x_wconf 89' lang='lat' dir='ltr'><strong>neque</strong></span> <span class='ocrx_word' id='word_1_157' title='bbox 574 1160 635 1180; x_wconf 83' lang='lat' dir='ltr'><strong>rere</strong></span> <span class='ocrx_word' id='word_1_158' title='bbox 658 1152 814 1185; x_wconf 77' lang='lat' dir='ltr'><strong>medentur,</strong></span> <span class='ocrx_word' id='word_1_159' title='bbox 838 1151 914 1179; x_wconf 88' lang='lat' dir='ltr'><strong>absit.</strong></span> <span class='ocrx_word' id='word_1_160' title='bbox 931 1151 998 1185; x_wconf 86' lang='lat' dir='ltr'><strong>Quin</strong></span> 
     </span>
    </p>
   </div>
   <div class='ocr_carea' id='block_1_23' title="bbox 209 1198 1000 1234">
    <p class='ocr_par' dir='ltr' id='par_1_23' title="bbox 209 1198 1000 1234">
     <span class='ocr_line' id='line_1_23' title="bbox 209 1198 1000 1234; baseline 0.003 -11"><span class='ocrx_word' id='word_1_161' title='bbox 209 1205 258 1232; x_wconf 72' lang='lat' dir='ltr'><strong>ego</strong></span> <span class='ocrx_word' id='word_1_162' title='bbox 274 1198 380 1232; x_wconf 83' lang='lat' dir='ltr'><strong>quidem</strong></span> <span class='ocrx_word' id='word_1_163' title='bbox 395 1199 457 1226; x_wconf 88' lang='lat' dir='ltr'><strong>illud</strong></span> <span class='ocrx_word' id='word_1_164' title='bbox 467 1199 545 1234; x_wconf 77' lang='lat' dir='ltr'><strong>lange</strong></span> <span class='ocrx_word' id='word_1_165' title='bbox 556 1199 702 1227; x_wconf 85' lang='lat' dir='ltr'><strong>mirabilius</strong></span> <span class='ocrx_word' id='word_1_166' title='bbox 713 1199 808 1231; x_wconf 86' lang='lat' dir='ltr'><strong>dicam,</strong></span> <span class='ocrx_word' id='word_1_167' title='bbox 822 1198 925 1226; x_wconf 88' lang='lat' dir='ltr'><strong>etiamsi</strong></span> <span class='ocrx_word' id='word_1_168' title='bbox 937 1205 1000 1225; x_wconf 79' lang='lat' dir='ltr'><strong>vere</strong></span> 
     </span>
    </p>
   </div>
   <div class='ocr_carea' id='block_1_24' title="bbox 207 1244 1000 1280">
    <p class='ocr_par' dir='ltr' id='par_1_24' title="bbox 207 1244 1000 1280">
     <span class='ocr_line' id='line_1_24' title="bbox 207 1244 1000 1280; baseline 0 -10"><span class='ocrx_word' id='word_1_169' title='bbox 207 1249 343 1277; x_wconf 72' lang='lat' dir='ltr'><strong>sanarent,</strong></span> <span class='ocrx_word' id='word_1_170' title='bbox 361 1246 443 1273; x_wconf 84' lang='lat' dir='ltr'><strong>satius</strong></span> <span class='ocrx_word' id='word_1_171' title='bbox 457 1250 547 1272; x_wconf 83' lang='lat' dir='ltr'><strong>tamen</strong></span> <span class='ocrx_word' id='word_1_172' title='bbox 562 1253 621 1273; x_wconf 87' lang='lat' dir='ltr'><strong>esse</strong></span> <span class='ocrx_word' id='word_1_173' title='bbox 633 1247 727 1278; x_wconf 88' lang='lat' dir='ltr'><strong>emori,</strong></span> <span class='ocrx_word' id='word_1_174' title='bbox 744 1253 822 1280; x_wconf 92' lang='lat' dir='ltr'><strong>quam</strong></span> <span class='ocrx_word' id='word_1_175' title='bbox 834 1245 866 1272; x_wconf 86' lang='lat' dir='ltr'><strong>ad</strong></span> <span class='ocrx_word' id='word_1_176' title='bbox 877 1245 924 1272; x_wconf 88' lang='lat' dir='ltr'><strong>Dei</strong></span> <span class='ocrx_word' id='word_1_177' title='bbox 940 1244 1000 1271; x_wconf 90' lang='lat' dir='ltr'><strong>hos-</strong></span> 
     </span>
    </p>
   </div>
   <div class='ocr_carea' id='block_1_25' title="bbox 208 1290 1000 1326">
    <p class='ocr_par' dir='ltr' id='par_1_25' title="bbox 208 1290 1000 1326">
     <span class='ocr_line' id='line_1_25' title="bbox 208 1290 1000 1326; baseline 0.003 -12"><span class='ocrx_word' id='word_1_178' title='bbox 208 1292 248 1316; x_wconf 80' lang='lat' dir='ltr'><strong>tes</strong></span> <span class='ocrx_word' id='word_1_179' title='bbox 256 1296 406 1323; x_wconf 82' lang='lat' dir='ltr'><strong>accurrere,</strong></span> <span class='ocrx_word' id='word_1_180' title='bbox 417 1291 506 1326; x_wconf 87' lang='lat' dir='ltr'><strong>itaque</strong></span> <span class='ocrx_word' id='word_1_181' title='bbox 519 1291 619 1318; x_wconf 81' lang='lat' dir='ltr'><strong>sanari.</strong></span> <span class='ocrx_word' id='word_1_182' title='bbox 627 1291 694 1325; x_wconf 86' lang='lat' dir='ltr'><strong>Quid</strong></span> <span class='ocrx_word' id='word_1_183' title='bbox 707 1291 777 1318; x_wconf 90' lang='lat' dir='ltr'><strong>enim</strong></span> <span class='ocrx_word' id='word_1_184' title='bbox 792 1290 897 1325; x_wconf 82' lang='lat' dir='ltr'><strong>prodest</strong></span> <span class='ocrx_word' id='word_1_185' title='bbox 907 1297 1000 1317; x_wconf 84' lang='lat' dir='ltr'><strong>curare</strong></span> 
     </span>
    </p>
   </div>
   <div class='ocr_carea' id='block_1_26' title="bbox 207 1335 1000 1371">
    <p class='ocr_par' dir='ltr' id='par_1_26' title="bbox 207 1335 1000 1371">
     <span class='ocr_line' id='line_1_26' title="bbox 207 1335 1000 1371; baseline 0.001 -11"><span class='ocrx_word' id='word_1_186' title='bbox 207 1340 316 1368; x_wconf 82' lang='lat' dir='ltr'><strong>corpus,</strong></span> <span class='ocrx_word' id='word_1_187' title='bbox 324 1336 410 1363; x_wconf 84' lang='lat' dir='ltr'><strong>anima</strong></span> <span class='ocrx_word' id='word_1_188' title='bbox 420 1337 564 1371; x_wconf 82' lang='lat' dir='ltr'><strong>pereunte?</strong></span> <span class='ocrx_word' id='word_1_189' title='bbox 572 1336 639 1371; x_wconf 84' lang='lat' dir='ltr'><strong>Quid</strong></span> <span class='ocrx_word' id='word_1_190' title='bbox 648 1341 734 1364; x_wconf 88' lang='lat' dir='ltr'><strong>autem</strong></span> <span class='ocrx_word' id='word_1_191' title='bbox 748 1337 824 1369; x_wconf 85' lang='lat' dir='ltr'><strong>lucri,</strong></span> <span class='ocrx_word' id='word_1_192' title='bbox 832 1336 853 1363; x_wconf 87' lang='lat' dir='ltr'><strong>si</strong></span> <span class='ocrx_word' id='word_1_193' title='bbox 864 1336 925 1371; x_wconf 83' lang='lat' dir='ltr'><strong>quid</strong></span> <span class='ocrx_word' id='word_1_194' title='bbox 935 1335 1000 1362; x_wconf 86' lang='lat' dir='ltr'><strong>sola-</strong></span> 
     </span>
    </p>
   </div>
   <div class='ocr_carea' id='block_1_27' title="bbox 208 1375 1000 1419">
    <p class='ocr_par' dir='ltr' id='par_1_27' title="bbox 208 1375 1000 1419">
     <span class='ocr_line' id='line_1_27' title="bbox 208 1375 1000 1419; baseline 0.003 -13"><span class='ocrx_word' id='word_1_195' title='bbox 208 1380 236 1407; x_wconf 81' lang='lat' dir='ltr'><strong>tii</strong></span> <span class='ocrx_word' id='word_1_196' title='bbox 245 1381 486 1415; x_wconf 85' lang='lat' dir='ltr'><strong>hienaneiseamur,</strong></span> <span class='ocrx_word' id='word_1_197' title='bbox 494 1391 554 1410; x_wconf 80' lang='lat' dir='ltr'><strong>mox</strong></span> <span class='ocrx_word' id='word_1_198' title='bbox 563 1383 720 1419; x_wconf 89' lang='lat' dir='ltr'><strong>conjiciendi</strong></span> <span class='ocrx_word' id='word_1_199' title='bbox 729 1384 754 1410; x_wconf 93' lang='lat' dir='ltr'><strong>in</strong></span> <span class='ocrx_word' id='word_1_200' title='bbox 763 1384 850 1418; x_wconf 76' lang='lat' dir='ltr'><strong>ignem</strong></span> <span class='ocrx_word' id='word_1_201' title='bbox 857 1375 1000 1410; x_wconf 72' lang='lat' dir='ltr'><strong>aeternum?</strong></span> 
     </span>
    </p>
   </div>
   <div class='ocr_carea' id='block_1_28' title="bbox 209 1425 1000 1464">
    <p class='ocr_par' dir='ltr' id='par_1_28' title="bbox 209 1425 1000 1464">
     <span class='ocr_line' id='line_1_28' title="bbox 209 1425 1000 1464; baseline 0.003 -12"><span class='ocrx_word' id='word_1_202' title='bbox 209 1425 285 1459; x_wconf 81' lang='lat' dir='ltr'><strong>Nam,</strong></span> <span class='ocrx_word' id='word_1_203' title='bbox 297 1434 331 1454; x_wconf 89' lang='lat' dir='ltr'><strong>ne</strong></span> <span class='ocrx_word' id='word_1_204' title='bbox 345 1427 464 1455; x_wconf 82' lang='lat' dir='ltr'><strong>dicerent</strong></span> <span class='ocrx_word' id='word_1_205' title='bbox 477 1429 536 1462; x_wconf 82' lang='lat' dir='ltr'><strong>ista,</strong></span> <span class='ocrx_word' id='word_1_206' title='bbox 551 1429 610 1456; x_wconf 85' lang='lat' dir='ltr'><strong>audi</strong></span> <span class='ocrx_word' id='word_1_207' title='bbox 625 1429 687 1464; x_wconf 92' lang='lat' dir='ltr'><strong>quid</strong></span> <span class='ocrx_word' id='word_1_208' title='bbox 701 1429 764 1456; x_wconf 84' lang='lat' dir='ltr'><strong>dicit</strong></span> <span class='ocrx_word' id='word_1_209' title='bbox 779 1429 848 1456; x_wconf 89' lang='lat' dir='ltr'><strong>Dens</strong></span> <span class='ocrx_word' id='word_1_210' title='bbox 859 1437 865 1455; x_wconf 89' lang='lat'>:</span> <span class='ocrx_word' id='word_1_211' title='bbox 876 1428 905 1456; x_wconf 87' lang='lat' dir='ltr'><strong>Si</strong></span> <span class='ocrx_word' id='word_1_212' title='bbox 921 1429 1000 1454; x_wconf 76' lang='lat' dir='ltr'><strong>exsti-</strong></span> 
     </span>
    </p>
   </div>
   <div class='ocr_carea' id='block_1_29' title="bbox 208 1471 1001 1508">
    <p class='ocr_par' dir='ltr' id='par_1_29' title="bbox 208 1471 1001 1508">
     <span class='ocr_line' id='line_1_29' title="bbox 208 1471 1001 1508; baseline 0.003 -12"><span class='ocrx_word' id='word_1_213' title='bbox 208 1471 266 1497; x_wconf 82' lang='lat' dir='ltr'><strong>terit</strong></span> <span class='ocrx_word' id='word_1_214' title='bbox 279 1472 400 1507; x_wconf 82' lang='lat' dir='ltr'><strong>prop/tela</strong></span> <span class='ocrx_word' id='word_1_215' title='bbox 411 1473 436 1499; x_wconf 82' lang='lat' dir='ltr'><strong>in</strong></span> <span class='ocrx_word' id='word_1_216' title='bbox 450 1478 482 1505; x_wconf 81' lang='lat' dir='ltr'><strong>te,</strong></span> <span class='ocrx_word' id='word_1_217' title='bbox 496 1478 540 1500; x_wconf 78' lang='lat' dir='ltr'><strong>aut</strong></span> <span class='ocrx_word' id='word_1_218' title='bbox 554 1474 680 1501; x_wconf 77' lang='lat' dir='ltr'><strong>somnium</strong></span> <span class='ocrx_word' id='word_1_219' title='bbox 693 1474 831 1507; x_wconf 75' lang='lat' dir='ltr'><strong>somnians,</strong></span> <span class='ocrx_word' id='word_1_220' title='bbox 845 1473 1001 1508; x_wconf 76' lang='lat' dir='ltr'><strong>ediderilque</strong></span> 
     </span>
    </p>
   </div>
   <div class='ocr_carea' id='block_1_30' title="bbox 207 1517 998 1555">
    <p class='ocr_par' dir='ltr' id='par_1_30' title="bbox 207 1517 998 1555">
     <span class='ocr_line' id='line_1_30' title="bbox 207 1517 998 1555; baseline 0.003 -13"><span class='ocrx_word' id='word_1_221' title='bbox 207 1517 307 1552; x_wconf 73' lang='lat' dir='ltr'><strong>signum</strong></span> <span class='ocrx_word' id='word_1_222' title='bbox 321 1526 351 1544; x_wconf 81' lang='lat' dir='ltr'><strong>at:</strong></span> <span class='ocrx_word' id='word_1_223' title='bbox 359 1518 513 1554; x_wconf 80' lang='lat' dir='ltr'><strong>prodigium,</strong></span> <span class='ocrx_word' id='word_1_224' title='bbox 530 1521 685 1555; x_wconf 77' lang='lat' dir='ltr'><strong>eoenen&#39;tque</strong></span> <span class='ocrx_word' id='word_1_225' title='bbox 698 1520 798 1554; x_wconf 86' lang='lat' dir='ltr'><strong>signum</strong></span> <span class='ocrx_word' id='word_1_226' title='bbox 812 1528 842 1546; x_wconf 83' lang='lat' dir='ltr'><strong>ac</strong></span> <span class='ocrx_word' id='word_1_227' title='bbox 856 1519 998 1554; x_wconf 71' lang='lat' dir='ltr'><strong>prodigitur:</strong></span> 
     </span>
    </p>
   </div>
   <div class='ocr_carea' id='block_1_31' title="bbox 206 1562 1000 1599">
    <p class='ocr_par' dir='ltr' id='par_1_31' title="bbox 206 1562 1000 1599">
     <span class='ocr_line' id='line_1_31' title="bbox 206 1562 1000 1599; baseline 0.004 -11"><span class='ocrx_word' id='word_1_228' title='bbox 206 1562 275 1597; x_wconf 86' lang='lat' dir='ltr'><strong>quod</strong></span> <span class='ocrx_word' id='word_1_229' title='bbox 289 1563 405 1598; x_wconf 73' lang='lat' dir='ltr'><strong>loquutus</strong></span> <span class='ocrx_word' id='word_1_230' title='bbox 418 1569 454 1591; x_wconf 80' lang='lat' dir='ltr'><strong>est</strong></span> <span class='ocrx_word' id='word_1_231' title='bbox 466 1586 472 1596; x_wconf 95' lang='lat'><strong>,</strong></span> <span class='ocrx_word' id='word_1_232' title='bbox 488 1564 627 1599; x_wconf 67' lang='lat' dir='ltr'><strong>dixeritque</strong></span> <span class='ocrx_word' id='word_1_233' title='bbox 642 1573 652 1592; x_wconf 90' lang='lat'><strong><em>:</em></strong></span> <span class='ocrx_word' id='word_1_234' title='bbox 665 1573 751 1592; x_wconf 74' lang='lat' dir='ltr'><strong>eamus</strong></span> <span class='ocrx_word' id='word_1_235' title='bbox 765 1571 786 1592; x_wconf 85' lang='lat' dir='ltr'><strong>ct</strong></span> <span class='ocrx_word' id='word_1_236' title='bbox 801 1566 936 1592; x_wconf 75' lang='lat' dir='ltr'><strong>serviamus</strong></span> <span class='ocrx_word' id='word_1_237' title='bbox 951 1566 1000 1591; x_wconf 82' lang='lat' dir='ltr'><strong>diis</strong></span> 
     </span>
    </p>
   </div>
   <div class='ocr_carea' id='block_1_32' title="bbox 207 1606 999 1645">
    <p class='ocr_par' dir='ltr' id='par_1_32' title="bbox 207 1606 999 1645">
     <span class='ocr_line' id='line_1_32' title="bbox 207 1606 999 1645; baseline 0.005 -13"><span class='ocrx_word' id='word_1_238' title='bbox 207 1606 266 1634; x_wconf 78' lang='lat' dir='ltr'><strong>aliis</strong></span> <span class='ocrx_word' id='word_1_239' title='bbox 280 1615 289 1634; x_wconf 91' lang='lat'><strong><em>:</em></strong></span> <span class='ocrx_word' id='word_1_240' title='bbox 301 1616 351 1635; x_wconf 89' lang='lat' dir='ltr'><strong>non</strong></span> <span class='ocrx_word' id='word_1_241' title='bbox 373 1609 544 1637; x_wconf 76' lang='lat' dir='ltr'><strong>auscultabitis</strong></span> <span class='ocrx_word' id='word_1_242' title='bbox 563 1611 692 1645; x_wconf 70' lang='lat' dir='ltr'><strong>prop/tetra</strong></span> <span class='ocrx_word' id='word_1_243' title='bbox 710 1611 748 1638; x_wconf 82' lang='lat' dir='ltr'><strong>illi</strong></span> <span class='ocrx_word' id='word_1_244' title='bbox 764 1618 773 1637; x_wconf 90' lang='lat'><strong><em>:</em></strong></span> <span class='ocrx_word' id='word_1_245' title='bbox 791 1611 909 1645; x_wconf 77' lang='lat' dir='ltr'><strong>quoniam</strong></span> <span class='ocrx_word' id='word_1_246' title='bbox 923 1614 999 1637; x_wconf 71' lang='lat' dir='ltr'><strong>tenta!</strong></span> 
     </span>
    </p>
   </div>
   <div class='ocr_carea' id='block_1_33' title="bbox 206 1652 999 1691">
    <p class='ocr_par' dir='ltr' id='par_1_33' title="bbox 206 1652 999 1691">
     <span class='ocr_line' id='line_1_33' title="bbox 206 1652 999 1691; baseline 0.004 -13"><span class='ocrx_word' id='word_1_247' title='bbox 206 1659 251 1679; x_wconf 66' lang='lat' dir='ltr'><strong>vos</strong></span> <span class='ocrx_word' id='word_1_248' title='bbox 272 1652 395 1681; x_wconf 78' lang='lat' dir='ltr'><strong>Dominus</strong></span> <span class='ocrx_word' id='word_1_249' title='bbox 415 1654 500 1688; x_wconf 82' lang='lat' dir='ltr'><strong>Deus,</strong></span> <span class='ocrx_word' id='word_1_250' title='bbox 519 1663 552 1682; x_wconf 83' lang='lat' dir='ltr'><strong>an</strong></span> <span class='ocrx_word' id='word_1_251' title='bbox 573 1656 683 1691; x_wconf 78' lang='lat' dir='ltr'><strong>diligatis</strong></span> <span class='ocrx_word' id='word_1_252' title='bbox 702 1656 838 1682; x_wconf 85' lang='lat' dir='ltr'><strong>Dominum</strong></span> <span class='ocrx_word' id='word_1_253' title='bbox 855 1655 936 1682; x_wconf 68' lang='lat' dir='ltr'><strong>Deum</strong></span> <span class='ocrx_word' id='word_1_254' title='bbox 956 1664 999 1682; x_wconf 77' lang='lat' dir='ltr'><strong>vr-</strong></span> 
     </span>
    </p>
   </div>
   <div class='ocr_carea' id='block_1_34' title="bbox 207 1700 998 1736">
    <p class='ocr_par' dir='ltr' id='par_1_34' title="bbox 207 1700 998 1736">
     <span class='ocr_line' id='line_1_34' title="bbox 207 1700 998 1736; baseline 0.003 -12"><span class='ocrx_word' id='word_1_255' title='bbox 207 1702 287 1724; x_wconf 77' lang='lat' dir='ltr'><strong>strum</strong></span> <span class='ocrx_word' id='word_1_256' title='bbox 299 1707 330 1726; x_wconf 75' lang='lat' dir='ltr'><strong>ea:</strong></span> <span class='ocrx_word' id='word_1_257' title='bbox 341 1704 391 1726; x_wconf 88' lang='lat' dir='ltr'><strong>toto</strong></span> <span class='ocrx_word' id='word_1_258' title='bbox 405 1700 479 1727; x_wconf 80' lang='lat' dir='ltr'><strong>corde</strong></span> <span class='ocrx_word' id='word_1_259' title='bbox 489 1705 570 1727; x_wconf 68' lang='lat' dir='ltr'><strong>vestro</strong></span> <span class='ocrx_word' id='word_1_260' title='bbox 582 1706 605 1727; x_wconf 81' lang='lat' dir='ltr'><strong>et</strong></span> <span class='ocrx_word' id='word_1_261' title='bbox 618 1709 648 1728; x_wconf 79' lang='lat' dir='ltr'><strong>ea:</strong></span> <span class='ocrx_word' id='word_1_262' title='bbox 660 1706 712 1728; x_wconf 83' lang='lat' dir='ltr'><strong>tota</strong></span> <span class='ocrx_word' id='word_1_263' title='bbox 724 1702 809 1727; x_wconf 78' lang='lat' dir='ltr'><strong>animo</strong></span> <span class='ocrx_word' id='word_1_264' title='bbox 818 1706 898 1727; x_wconf 74' lang='lat' dir='ltr'><strong>uestra</strong></span> <span class='ocrx_word' id='word_1_265' title='bbox 910 1701 998 1736; x_wconf 69' lang='lat' dir='ltr'><strong>(Deut.</strong></span> 
     </span>
    </p>
   </div>
   <div class='ocr_carea' id='block_1_35' title="bbox 207 1742 1000 1780">
    <p class='ocr_par' dir='ltr' id='par_1_35' title="bbox 207 1742 1000 1780">
     <span class='ocr_line' id='line_1_35' title="bbox 207 1742 1000 1780; baseline 0.004 -11"><span class='ocrx_word' id='word_1_266' title='bbox 207 1742 252 1770; x_wconf 75' lang='lat' dir='ltr'><strong>i3.</strong></span> <span class='ocrx_word' id='word_1_267' title='bbox 267 1743 334 1778; x_wconf 78' lang='grc'><strong>1-5).</strong></span> <span class='ocrx_word' id='word_1_268' title='bbox 347 1743 422 1777; x_wconf 89' lang='lat' dir='ltr'><strong>Quod</strong></span> <span class='ocrx_word' id='word_1_269' title='bbox 435 1744 508 1777; x_wconf 88' lang='lat' dir='ltr'><strong>dicit,</strong></span> <span class='ocrx_word' id='word_1_270' title='bbox 524 1745 575 1772; x_wconf 87' lang='lat' dir='ltr'><strong>tale</strong></span> <span class='ocrx_word' id='word_1_271' title='bbox 588 1750 630 1772; x_wconf 87' lang='lat' dir='ltr'><strong>est</strong></span> <span class='ocrx_word' id='word_1_272' title='bbox 643 1755 649 1772; x_wconf 87' lang='lat'><strong>:</strong></span> <span class='ocrx_word' id='word_1_273' title='bbox 661 1746 682 1772; x_wconf 89' lang='lat' dir='ltr'><strong>si</strong></span> <span class='ocrx_word' id='word_1_274' title='bbox 697 1746 766 1780; x_wconf 85' lang='lat' dir='ltr'><strong>quis,</strong></span> <span class='ocrx_word' id='word_1_275' title='bbox 780 1745 873 1780; x_wconf 84' lang='lat' dir='ltr'><strong>inquit,</strong></span> <span class='ocrx_word' id='word_1_276' title='bbox 886 1745 1000 1780; x_wconf 90' lang='lat' dir='ltr'><strong>prophe-</strong></span> 
     </span>
    </p>
   </div>
   <div class='ocr_carea' id='block_1_36' title="bbox 207 1788 1000 1824">
    <p class='ocr_par' dir='ltr' id='par_1_36' title="bbox 207 1788 1000 1824">
     <span class='ocr_line' id='line_1_36' title="bbox 207 1788 1000 1824; baseline 0.004 -10"><span class='ocrx_word' id='word_1_277' title='bbox 207 1792 232 1814; x_wconf 77' lang='lat' dir='ltr'><strong>ta</strong></span> <span class='ocrx_word' id='word_1_278' title='bbox 247 1788 353 1822; x_wconf 79' lang='lat' dir='ltr'><strong>dixerit,</strong></span> <span class='ocrx_word' id='word_1_279' title='bbox 368 1797 474 1824; x_wconf 88' lang='lat' dir='ltr'><strong>possum</strong></span> <span class='ocrx_word' id='word_1_280' title='bbox 487 1791 603 1818; x_wconf 80' lang='lat' dir='ltr'><strong>excitare</strong></span> <span class='ocrx_word' id='word_1_281' title='bbox 618 1797 762 1822; x_wconf 82' lang='lat' dir='ltr'><strong>mortuum,</strong></span> <span class='ocrx_word' id='word_1_282' title='bbox 776 1795 822 1818; x_wconf 85' lang='lat' dir='ltr'><strong>aut</strong></span> <span class='ocrx_word' id='word_1_283' title='bbox 834 1791 935 1818; x_wconf 88' lang='lat' dir='ltr'><strong>mederi</strong></span> <span class='ocrx_word' id='word_1_284' title='bbox 949 1799 1000 1818; x_wconf 71' lang='lat' dir='ltr'><strong>me-</strong></span> 
     </span>
    </p>
   </div>
   <div class='ocr_carea' id='block_1_37' title="bbox 206 1835 998 1871">
    <p class='ocr_par' dir='ltr' id='par_1_37' title="bbox 206 1835 998 1871">
     <span class='ocr_line' id='line_1_37' title="bbox 206 1835 998 1871; baseline 0.001 -9"><span class='ocrx_word' id='word_1_285' title='bbox 206 1842 239 1862; x_wconf 88' lang='lat' dir='ltr'><strong>co</strong></span> <span class='ocrx_word' id='word_1_286' title='bbox 256 1843 262 1861; x_wconf 90' lang='lat'><strong>:</strong></span> <span class='ocrx_word' id='word_1_287' title='bbox 279 1835 325 1862; x_wconf 87' lang='lat' dir='ltr'><strong>sed</strong></span> <span class='ocrx_word' id='word_1_288' title='bbox 346 1836 528 1871; x_wconf 86' lang='lat' dir='ltr'><strong>obtemperate</strong></span> <span class='ocrx_word' id='word_1_289' title='bbox 546 1837 610 1863; x_wconf 90' lang='lat' dir='ltr'><strong>mihi</strong></span> <span class='ocrx_word' id='word_1_290' title='bbox 623 1858 630 1869; x_wconf 92' lang='lat'><strong>,</strong></span> <span class='ocrx_word' id='word_1_291' title='bbox 647 1841 674 1863; x_wconf 82' lang='lat' dir='ltr'><strong>et</strong></span> <span class='ocrx_word' id='word_1_292' title='bbox 688 1837 828 1863; x_wconf 82' lang='lat' dir='ltr'><strong>adoremus</strong></span> <span class='ocrx_word' id='word_1_293' title='bbox 843 1837 978 1864; x_wconf 57' lang='lat' dir='ltr'><strong>daemones</strong></span> <span class='ocrx_word' id='word_1_294' title='bbox 991 1857 998 1868; x_wconf 91' lang='lat'><strong>,</strong></span> 
     </span>
    </p>
   </div>
   <div class='ocr_carea' id='block_1_38' title="bbox 209 1881 998 1918">
    <p class='ocr_par' dir='ltr' id='par_1_38' title="bbox 209 1881 998 1918">
     <span class='ocr_line' id='line_1_38' title="bbox 209 1881 998 1918; baseline 0.003 -11"><span class='ocrx_word' id='word_1_295' title='bbox 209 1885 255 1908; x_wconf 75' lang='lat' dir='ltr'><strong>aut</strong></span> <span class='ocrx_word' id='word_1_296' title='bbox 271 1881 438 1909; x_wconf 82' lang='lat' dir='ltr'><strong>immolemus</strong></span> <span class='ocrx_word' id='word_1_297' title='bbox 454 1882 541 1909; x_wconf 84' lang='lat' dir='ltr'><strong>idolis.</strong></span> <span class='ocrx_word' id='word_1_298' title='bbox 559 1882 659 1910; x_wconf 90' lang='lat' dir='ltr'><strong>Deinde</strong></span> <span class='ocrx_word' id='word_1_299' title='bbox 674 1883 716 1915; x_wconf 88' lang='lat' dir='ltr'><strong>si,</strong></span> <span class='ocrx_word' id='word_1_300' title='bbox 734 1883 775 1917; x_wconf 92' lang='lat' dir='ltr'><strong>qni</strong></span> <span class='ocrx_word' id='word_1_301' title='bbox 793 1883 849 1910; x_wconf 63' lang='lat' dir='ltr'><strong>ha‘c</strong></span> <span class='ocrx_word' id='word_1_302' title='bbox 864 1883 980 1918; x_wconf 84' lang='lat' dir='ltr'><strong>loquitur</strong></span> <span class='ocrx_word' id='word_1_303' title='bbox 991 1904 998 1916; x_wconf 91' lang='lat'><strong>,</strong></span> 
     </span>
    </p>
   </div>
   <div class='ocr_carea' id='block_1_39' title="bbox 208 1925 1000 1961">
    <p class='ocr_par' dir='ltr' id='par_1_39' title="bbox 208 1925 1000 1961">
     <span class='ocr_line' id='line_1_39' title="bbox 208 1925 1000 1961; baseline 0.005 -9"><span class='ocrx_word' id='word_1_304' title='bbox 208 1925 291 1960; x_wconf 82' lang='lat' dir='ltr'><strong>possit</strong></span> <span class='ocrx_word' id='word_1_305' title='bbox 307 1927 406 1954; x_wconf 86' lang='lat' dir='ltr'><strong>mederi</strong></span> <span class='ocrx_word' id='word_1_306' title='bbox 421 1935 492 1956; x_wconf 65' lang='lat' dir='ltr'><strong>caeco</strong></span> <span class='ocrx_word' id='word_1_307' title='bbox 503 1949 510 1961; x_wconf 91' lang='lat'><strong>,</strong></span> <span class='ocrx_word' id='word_1_308' title='bbox 525 1929 704 1955; x_wconf 85' lang='lat' dir='ltr'><strong>aut-excitare</strong></span> <span class='ocrx_word' id='word_1_309' title='bbox 719 1934 850 1955; x_wconf 86' lang='lat' dir='ltr'><strong>mortuum</strong></span> <span class='ocrx_word' id='word_1_310' title='bbox 864 1949 870 1961; x_wconf 92' lang='lat'><strong>,</strong></span> <span class='ocrx_word' id='word_1_311' title='bbox 887 1937 935 1956; x_wconf 90' lang='lat' dir='ltr'><strong>nec</strong></span> <span class='ocrx_word' id='word_1_312' title='bbox 950 1929 1000 1956; x_wconf 71' lang='lat' dir='ltr'><strong>ista</strong></span> 
     </span>
    </p>
   </div>
   <div class='ocr_carea' id='block_1_40' title="bbox 208 1972 999 2009">
    <p class='ocr_par' dir='ltr' id='par_1_40' title="bbox 208 1972 999 2009">
     <span class='ocr_line' id='line_1_40' title="bbox 208 1972 999 2009; baseline 0.004 -11"><span class='ocrx_word' id='word_1_313' title='bbox 208 1973 342 2006; x_wconf 73' lang='lat' dir='ltr'><strong>prtesIanti</strong></span> <span class='ocrx_word' id='word_1_314' title='bbox 356 1972 518 2005; x_wconf 87' lang='lat' dir='ltr'><strong>credideris,</strong></span> <span class='ocrx_word' id='word_1_315' title='bbox 532 1973 627 2008; x_wconf 87' lang='lat' dir='ltr'><strong>inquit,</strong></span> <span class='ocrx_word' id='word_1_316' title='bbox 644 1973 759 2001; x_wconf 71' lang='grc' dir='ltr'><strong>θυι-2.Εο</strong></span> <span class='ocrx_word' id='word_1_317' title='bbox 772 1974 842 2009; x_wconf 90' lang='lat' dir='ltr'><strong>quod</strong></span> <span class='ocrx_word' id='word_1_318' title='bbox 859 1975 927 2002; x_wconf 86' lang='lat' dir='ltr'><strong>Deus</strong></span> <span class='ocrx_word' id='word_1_319' title='bbox 940 1979 999 2001; x_wconf 88' lang='lat' dir='ltr'><strong>ten-</strong></span> 
     </span>
    </p>
   </div>
   <div class='ocr_carea' id='block_1_41' title="bbox 209 2017 1000 2054">
    <p class='ocr_par' dir='ltr' id='par_1_41' title="bbox 209 2017 1000 2054">
     <span class='ocr_line' id='line_1_41' title="bbox 209 2017 1000 2054; baseline 0.005 -11"><span class='ocrx_word' id='word_1_320' title='bbox 209 2021 268 2043; x_wconf 84' lang='lat' dir='ltr'><strong>tans</strong></span> <span class='ocrx_word' id='word_1_321' title='bbox 282 2021 318 2050; x_wconf 90' lang='lat' dir='ltr'><strong>te,</strong></span> <span class='ocrx_word' id='word_1_322' title='bbox 335 2017 454 2051; x_wconf 86' lang='lat' dir='ltr'><strong>permisit</strong></span> <span class='ocrx_word' id='word_1_323' title='bbox 467 2021 495 2045; x_wconf 92' lang='lat' dir='ltr'><strong>ut</strong></span> <span class='ocrx_word' id='word_1_324' title='bbox 508 2018 551 2045; x_wconf 89' lang='lat' dir='ltr'><strong>ille</strong></span> <span class='ocrx_word' id='word_1_325' title='bbox 564 2018 614 2046; x_wconf 90' lang='lat' dir='ltr'><strong>hoc</strong></span> <span class='ocrx_word' id='word_1_326' title='bbox 627 2019 708 2053; x_wconf 90' lang='lat' dir='ltr'><strong>possit</strong></span> <span class='ocrx_word' id='word_1_327' title='bbox 722 2028 728 2045; x_wconf 73' lang='grc' dir='ltr'>ε</span> <span class='ocrx_word' id='word_1_328' title='bbox 742 2026 794 2046; x_wconf 89' lang='lat' dir='ltr'><strong>non</strong></span> <span class='ocrx_word' id='word_1_329' title='bbox 808 2019 877 2054; x_wconf 87' lang='lat' dir='ltr'><strong>quod</strong></span> <span class='ocrx_word' id='word_1_330' title='bbox 891 2019 933 2046; x_wconf 91' lang='lat' dir='ltr'><strong>ille</strong></span> <span class='ocrx_word' id='word_1_331' title='bbox 947 2027 1000 2047; x_wconf 89' lang='lat' dir='ltr'><strong>non</strong></span> 
     </span>
    </p>
   </div>
   <div class='ocr_carea' id='block_1_42' title="bbox 208 2064 1002 2100">
    <p class='ocr_par' dir='ltr' id='par_1_42' title="bbox 208 2064 1002 2100">
     <span class='ocr_line' id='line_1_42' title="bbox 208 2064 1002 2100; baseline 0.004 -10"><span class='ocrx_word' id='word_1_332' title='bbox 208 2067 300 2090; x_wconf 86' lang='lat' dir='ltr'><strong>nosset</strong></span> <span class='ocrx_word' id='word_1_333' title='bbox 313 2068 386 2091; x_wconf 89' lang='lat' dir='ltr'><strong>tuum</strong></span> <span class='ocrx_word' id='word_1_334' title='bbox 400 2064 527 2097; x_wconf 83' lang='lat' dir='ltr'><strong>animum,</strong></span> <span class='ocrx_word' id='word_1_335' title='bbox 543 2065 590 2092; x_wconf 87' lang='lat' dir='ltr'><strong>sed</strong></span> <span class='ocrx_word' id='word_1_336' title='bbox 604 2069 633 2092; x_wconf 88' lang='lat' dir='ltr'><strong>ut</strong></span> <span class='ocrx_word' id='word_1_337' title='bbox 645 2065 691 2092; x_wconf 82' lang='lat' dir='ltr'><strong>tibi</strong></span> <span class='ocrx_word' id='word_1_338' title='bbox 707 2065 869 2100; x_wconf 80' lang='lat' dir='ltr'><strong>probationis</strong></span> <span class='ocrx_word' id='word_1_339' title='bbox 882 2067 1002 2094; x_wconf 81' lang='lat' dir='ltr'><strong>occasio-</strong></span> 
     </span>
    </p>
   </div>
   <div class='ocr_carea' id='block_1_43' title="bbox 209 2109 999 2146">
    <p class='ocr_par' dir='ltr' id='par_1_43' title="bbox 209 2109 999 2146">
     <span class='ocr_line' id='line_1_43' title="bbox 209 2109 999 2146; baseline 0.003 -10"><span class='ocrx_word' id='word_1_340' title='bbox 209 2117 269 2136; x_wconf 78' lang='lat' dir='ltr'><strong>nem</strong></span> <span class='ocrx_word' id='word_1_341' title='bbox 291 2109 442 2142; x_wconf 82' lang='lat' dir='ltr'><strong>exhiberet,</strong></span> <span class='ocrx_word' id='word_1_342' title='bbox 458 2118 492 2137; x_wconf 87' lang='lat' dir='ltr'><strong>an</strong></span> <span class='ocrx_word' id='word_1_343' title='bbox 511 2118 573 2138; x_wconf 86' lang='lat' dir='ltr'><strong>vere</strong></span> <span class='ocrx_word' id='word_1_344' title='bbox 591 2111 716 2146; x_wconf 77' lang='lat' dir='ltr'><strong>diligeres</strong></span> <span class='ocrx_word' id='word_1_345' title='bbox 736 2111 828 2138; x_wconf 89' lang='lat' dir='ltr'><strong>Deum.</strong></span> <span class='ocrx_word' id='word_1_346' title='bbox 845 2111 892 2138; x_wconf 85' lang='lat' dir='ltr'><strong>Est</strong></span> <span class='ocrx_word' id='word_1_347' title='bbox 910 2116 999 2138; x_wconf 85' lang='lat' dir='ltr'><strong>autem</strong></span> 
     </span>
    </p>
   </div>
   <div class='ocr_carea' id='block_1_44' title="bbox 208 2156 1000 2192">
    <p class='ocr_par' dir='ltr' id='par_1_44' title="bbox 208 2156 1000 2192">
     <span class='ocr_line' id='line_1_44' title="bbox 208 2156 1000 2192; baseline 0.003 -10"><span class='ocrx_word' id='word_1_348' title='bbox 208 2156 322 2183; x_wconf 78' lang='lat' dir='ltr'><strong>amantis</strong></span> <span class='ocrx_word' id='word_1_349' title='bbox 335 2177 342 2189; x_wconf 93' lang='lat'><strong>,</strong></span> <span class='ocrx_word' id='word_1_350' title='bbox 357 2156 435 2183; x_wconf 88' lang='lat' dir='ltr'><strong>etiam</strong></span> <span class='ocrx_word' id='word_1_351' title='bbox 454 2156 475 2183; x_wconf 89' lang='lat' dir='ltr'><strong>si</strong></span> <span class='ocrx_word' id='word_1_352' title='bbox 495 2157 633 2184; x_wconf 84' lang='lat' dir='ltr'><strong>exanimes</strong></span> <span class='ocrx_word' id='word_1_353' title='bbox 648 2157 680 2184; x_wconf 89' lang='lat' dir='ltr'><strong>ad</strong></span> <span class='ocrx_word' id='word_1_354' title='bbox 695 2157 774 2183; x_wconf 90' lang='lat' dir='ltr'><strong>vitam</strong></span> <span class='ocrx_word' id='word_1_355' title='bbox 796 2161 921 2184; x_wconf 72' lang='lat' dir='ltr'><strong>revocent</strong></span> <span class='ocrx_word' id='word_1_356' title='bbox 932 2178 939 2189; x_wconf 82' lang='lat'><strong>,</strong></span> <span class='ocrx_word' id='word_1_357' title='bbox 955 2158 1000 2192; x_wconf 92' lang='lat' dir='ltr'><strong>qui</strong></span> 
     </span>
    </p>
   </div>
   <div class='ocr_carea' id='block_1_45' title="bbox 207 2202 999 2237">
    <p class='ocr_par' dir='ltr' id='par_1_45' title="bbox 207 2202 999 2237">
     <span class='ocr_line' id='line_1_45' title="bbox 207 2202 999 2237; baseline 0.003 -9"><span class='ocrx_word' id='word_1_358' title='bbox 207 2208 258 2229; x_wconf 86' lang='lat' dir='ltr'><strong>nos</strong></span> <span class='ocrx_word' id='word_1_359' title='bbox 268 2207 400 2229; x_wconf 87' lang='lat' dir='ltr'><strong>conantur</strong></span> <span class='ocrx_word' id='word_1_360' title='bbox 412 2202 446 2230; x_wconf 84' lang='lat' dir='ltr'><strong>ab</strong></span> <span class='ocrx_word' id='word_1_361' title='bbox 459 2207 547 2230; x_wconf 90' lang='lat' dir='ltr'><strong>amato</strong></span> <span class='ocrx_word' id='word_1_362' title='bbox 560 2203 719 2235; x_wconf 83' lang='lat' dir='ltr'><strong>distrahere,</strong></span> <span class='ocrx_word' id='word_1_363' title='bbox 733 2210 897 2237; x_wconf 88' lang='lat' dir='ltr'><strong>nequaquam</strong></span> <span class='ocrx_word' id='word_1_364' title='bbox 911 2207 999 2230; x_wconf 83' lang='lat' dir='ltr'><strong>tamen</strong></span> 
     </span>
    </p>
   </div>
   <div class='ocr_carea' id='block_1_46' title="bbox 209 2247 1000 2283">
    <p class='ocr_par' dir='ltr' id='par_1_46' title="bbox 209 2247 1000 2283">
     <span class='ocr_line' id='line_1_46' title="bbox 209 2247 1000 2283; baseline 0.001 -9"><span class='ocrx_word' id='word_1_365' title='bbox 209 2247 242 2274; x_wconf 84' lang='lat' dir='ltr'><strong>ab</strong></span> <span class='ocrx_word' id='word_1_366' title='bbox 256 2253 345 2276; x_wconf 86' lang='lat' dir='ltr'><strong>amato</strong></span> <span class='ocrx_word' id='word_1_367' title='bbox 359 2248 484 2276; x_wconf 84' lang='lat' dir='ltr'><strong>deﬁcere.</strong></span> <span class='ocrx_word' id='word_1_368' title='bbox 511 2249 586 2283; x_wconf 85' lang='lat' dir='ltr'><strong>Quod</strong></span> <span class='ocrx_word' id='word_1_369' title='bbox 600 2249 622 2276; x_wconf 91' lang='lat' dir='ltr'><strong>si</strong></span> <span class='ocrx_word' id='word_1_370' title='bbox 638 2249 694 2276; x_wconf 70' lang='lat' dir='ltr'><strong>hinc</strong></span> <span class='ocrx_word' id='word_1_371' title='bbox 708 2249 774 2276; x_wconf 80' lang='lat' dir='ltr'><strong>dixit</strong></span> <span class='ocrx_word' id='word_1_372' title='bbox 787 2248 900 2280; x_wconf 65' lang='lat' dir='ltr'><strong>Iudaeis,</strong></span> <span class='ocrx_word' id='word_1_373' title='bbox 917 2249 1000 2276; x_wconf 92' lang='lat' dir='ltr'><strong>multo</strong></span> 
     </span>
    </p>
   </div>
   <div class='ocr_carea' id='block_1_47' title="bbox 209 2294 995 2330">
    <p class='ocr_par' dir='ltr' id='par_1_47' title="bbox 209 2294 995 2330">
     <span class='ocr_line' id='line_1_47' title="bbox 209 2294 995 2330; baseline 0.003 -10"><span class='ocrx_word' id='word_1_374' title='bbox 209 2295 292 2329; x_wconf 77' lang='lat' dir='ltr'><strong>magis</strong></span> <span class='ocrx_word' id='word_1_375' title='bbox 304 2295 392 2328; x_wconf 88' lang='lat' dir='ltr'><strong>nobis,</strong></span> <span class='ocrx_word' id='word_1_376' title='bbox 405 2303 471 2330; x_wconf 90' lang='lat' dir='ltr'><strong>quos</strong></span> <span class='ocrx_word' id='word_1_377' title='bbox 482 2295 514 2322; x_wconf 89' lang='lat' dir='ltr'><strong>ad</strong></span> <span class='ocrx_word' id='word_1_378' title='bbox 528 2295 655 2330; x_wconf 84' lang='lat' dir='ltr'><strong>majorem</strong></span> <span class='ocrx_word' id='word_1_379' title='bbox 670 2294 863 2330; x_wconf 85' lang='lat' dir='ltr'><strong>philosophiam</strong></span> <span class='ocrx_word' id='word_1_380' title='bbox 877 2295 995 2329; x_wconf 86' lang='lat' dir='ltr'><strong>deduxit,</strong></span> 
     </span>
    </p>
   </div>
   <div class='ocr_carea' id='block_1_48' title="bbox 208 2340 998 2376">
    <p class='ocr_par' dir='ltr' id='par_1_48' title="bbox 208 2340 998 2376">
     <span class='ocr_line' id='line_1_48' title="bbox 208 2340 998 2376; baseline 0.004 -11"><span class='ocrx_word' id='word_1_381' title='bbox 208 2340 516 2374; x_wconf 66' lang='lat' dir='ltr'><strong>quibusresurreetionis</strong></span> <span class='ocrx_word' id='word_1_382' title='bbox 526 2342 623 2368; x_wconf 86' lang='lat' dir='ltr'><strong>ostium</strong></span> <span class='ocrx_word' id='word_1_383' title='bbox 634 2341 747 2375; x_wconf 88' lang='lat' dir='ltr'><strong>aperuit,</strong></span> <span class='ocrx_word' id='word_1_384' title='bbox 759 2341 853 2375; x_wconf 80' lang='lat' dir='ltr'><strong>quibus</strong></span> <span class='ocrx_word' id='word_1_385' title='bbox 868 2341 998 2376; x_wconf 73' lang='lat' dir='ltr'><strong>praecipit,</strong></span> 
     </span>
    </p>
   </div>
   <div class='ocr_carea' id='block_1_49' title="bbox 209 2387 1000 2424">
    <p class='ocr_par' dir='ltr' id='par_1_49' title="bbox 209 2387 1000 2424">
     <span class='ocr_line' id='line_1_49' title="bbox 209 2387 1000 2424; baseline 0.003 -10"><span class='ocrx_word' id='word_1_386' title='bbox 209 2387 281 2414; x_wconf 87' lang='lat' dir='ltr'><strong>ne-in</strong></span> <span class='ocrx_word' id='word_1_387' title='bbox 296 2388 376 2415; x_wconf 82' lang='lat' dir='ltr'><strong>rebus</strong></span> <span class='ocrx_word' id='word_1_388' title='bbox 391 2388 568 2422; x_wconf 68' lang='lat' dir='ltr'><strong>prtesentibus</strong></span> <span class='ocrx_word' id='word_1_389' title='bbox 582 2387 706 2415; x_wconf 87' lang='lat' dir='ltr'><strong>sistamus</strong></span> <span class='ocrx_word' id='word_1_390' title='bbox 723 2395 841 2415; x_wconf 87' lang='lat' dir='ltr'><strong>amorem</strong></span> <span class='ocrx_word' id='word_1_391' title='bbox 853 2409 859 2420; x_wconf 88' lang='lat'><strong>,</strong></span> <span class='ocrx_word' id='word_1_392' title='bbox 874 2388 920 2416; x_wconf 91' lang='lat' dir='ltr'><strong>sed</strong></span> <span class='ocrx_word' id='word_1_393' title='bbox 938 2396 1000 2424; x_wconf 86' lang='lat' dir='ltr'><strong>spes</strong></span> 
     </span>
    </p>
   </div>
   <div class='ocr_carea' id='block_1_50' title="bbox 208 2433 787 2461">
    <p class='ocr_par' dir='ltr' id='par_1_50' title="bbox 208 2433 787 2461">
     <span class='ocr_line' id='line_1_50' title="bbox 208 2433 787 2461; baseline 0.002 -1"><span class='ocrx_word' id='word_1_394' title='bbox 208 2441 303 2461; x_wconf 68' lang='lat' dir='ltr'><strong>omnes</strong></span> <span class='ocrx_word' id='word_1_395' title='bbox 317 2434 350 2461; x_wconf 83' lang='lat' dir='ltr'><strong>ad</strong></span> <span class='ocrx_word' id='word_1_396' title='bbox 363 2434 444 2461; x_wconf 87' lang='lat' dir='ltr'><strong>vitam</strong></span> <span class='ocrx_word' id='word_1_397' title='bbox 456 2433 573 2461; x_wconf 83' lang='lat' dir='ltr'><strong>futuram</strong></span> <span class='ocrx_word' id='word_1_398' title='bbox 587 2433 787 2461; x_wconf 79' lang='lat' dir='ltr'><strong>transferamus.</strong></span> 
     </span>
    </p>
   </div>
   <div class='ocr_carea' id='block_1_51' title="bbox 239 2521 999 2559">
    <p class='ocr_par' dir='ltr' id='par_1_51' title="bbox 239 2521 999 2559">
     <span class='ocr_line' id='line_1_51' title="bbox 239 2521 999 2559; baseline 0.001 -10"><span class='ocrx_word' id='word_1_399' title='bbox 239 2522 269 2549; x_wconf 78' lang='grc' dir='ltr'><strong>ϐ.</strong></span> <span class='ocrx_word' id='word_1_400' title='bbox 283 2521 343 2549; x_wconf 83' lang='lat' dir='ltr'><strong>Jobi</strong></span> <span class='ocrx_word' id='word_1_401' title='bbox 356 2522 475 2555; x_wconf 79' lang='lat' dir='ltr'><strong>patientia</strong></span> <span class='ocrx_word' id='word_1_402' title='bbox 496 2523 522 2548; x_wconf 85' lang='lat' dir='ltr'><strong>in</strong></span> <span class='ocrx_word' id='word_1_403' title='bbox 544 2523 685 2558; x_wconf 62' lang='lat' dir='ltr'><strong>exemplum</strong></span> <span class='ocrx_word' id='word_1_404' title='bbox 698 2523 817 2557; x_wconf 74' lang='lat' dir='ltr'><strong>affertur.</strong></span> <span class='ocrx_word' id='word_1_405' title='bbox 827 2523 921 2551; x_wconf 85' lang='lat' dir='ltr'><strong>—Sed</strong></span> <span class='ocrx_word' id='word_1_406' title='bbox 937 2524 999 2559; x_wconf 87' lang='lat' dir='ltr'><strong>quid</strong></span> 
     </span>
    </p>
   </div>
   <div class='ocr_carea' id='block_1_52' title="bbox 208 2566 998 2605">
    <p class='ocr_par' dir='ltr' id='par_1_52' title="bbox 208 2566 998 2605">
     <span class='ocr_line' id='line_1_52' title="bbox 208 2566 998 2605; baseline 0.006 -13"><span class='ocrx_word' id='word_1_407' title='bbox 208 2567 291 2594; x_wconf 74' lang='lat' dir='ltr'><strong>diois?</strong></span> <span class='ocrx_word' id='word_1_408' title='bbox 311 2566 410 2602; x_wconf 73' lang='lat' dir='ltr'><strong>Alliigit</strong></span> <span class='ocrx_word' id='word_1_409' title='bbox 426 2572 452 2595; x_wconf 88' lang='lat' dir='ltr'><strong>te</strong></span> <span class='ocrx_word' id='word_1_410' title='bbox 473 2569 621 2603; x_wconf 82' lang='lat' dir='ltr'><strong>premitque</strong></span> <span class='ocrx_word' id='word_1_411' title='bbox 640 2570 759 2604; x_wconf 88' lang='lat' dir='ltr'><strong>corporis</strong></span> <span class='ocrx_word' id='word_1_412' title='bbox 774 2571 900 2597; x_wconf 87' lang='lat' dir='ltr'><strong>morbus?</strong></span> <span class='ocrx_word' id='word_1_413' title='bbox 920 2571 998 2605; x_wconf 81' lang='lat' dir='ltr'><strong>Atqui</strong></span> 
     </span>
    </p>
   </div>
   <div class='ocr_carea' id='block_1_53' title="bbox 209 2612 999 2649">
    <p class='ocr_par' dir='ltr' id='par_1_53' title="bbox 209 2612 999 2649">
     <span class='ocr_line' id='line_1_53' title="bbox 209 2612 999 2649; baseline 0.004 -10"><span class='ocrx_word' id='word_1_414' title='bbox 209 2612 327 2640; x_wconf 79' lang='lat' dir='ltr'><strong>nondum</strong></span> <span class='ocrx_word' id='word_1_415' title='bbox 343 2617 414 2640; x_wconf 87' lang='lat' dir='ltr'><strong>tanta</strong></span> <span class='ocrx_word' id='word_1_416' title='bbox 431 2621 523 2648; x_wconf 83' lang='lat' dir='ltr'><strong>passus</strong></span> <span class='ocrx_word' id='word_1_417' title='bbox 536 2622 575 2646; x_wconf 81' lang='lat' dir='ltr'><strong>es,</strong></span> <span class='ocrx_word' id='word_1_418' title='bbox 591 2619 688 2649; x_wconf 83' lang='lat' dir='ltr'><strong>quanta</strong></span> <span class='ocrx_word' id='word_1_419' title='bbox 704 2615 795 2642; x_wconf 91' lang='lat' dir='ltr'><strong>beatus</strong></span> <span class='ocrx_word' id='word_1_420' title='bbox 811 2615 855 2643; x_wconf 91' lang='lat' dir='ltr'><strong>ille</strong></span> <span class='ocrx_word' id='word_1_421' title='bbox 869 2615 930 2647; x_wconf 81' lang='lat' dir='ltr'><strong>Job,</strong></span> <span class='ocrx_word' id='word_1_422' title='bbox 946 2616 999 2642; x_wconf 85' lang='lat' dir='ltr'><strong>llllO</strong></span> 
     </span>
    </p>
   </div>
   <div class='ocr_carea' id='block_1_54' title="bbox 210 2658 997 2695">
    <p class='ocr_par' dir='ltr' id='par_1_54' title="bbox 210 2658 997 2695">
     <span class='ocr_line' id='line_1_54' title="bbox 210 2658 997 2695; baseline 0.004 -11"><span class='ocrx_word' id='word_1_423' title='bbox 210 2666 242 2685; x_wconf 88' lang='lat' dir='ltr'><strong>ne</strong></span> <span class='ocrx_word' id='word_1_424' title='bbox 254 2658 388 2685; x_wconf 87' lang='lat' dir='ltr'><strong>minimam</strong></span> <span class='ocrx_word' id='word_1_425' title='bbox 399 2659 504 2693; x_wconf 86' lang='lat' dir='ltr'><strong>quidem</strong></span> <span class='ocrx_word' id='word_1_426' title='bbox 516 2664 616 2694; x_wconf 86' lang='lat' dir='ltr'><strong>partem</strong></span> <span class='ocrx_word' id='word_1_427' title='bbox 629 2660 756 2687; x_wconf 89' lang='lat' dir='ltr'><strong>malorum</strong></span> <span class='ocrx_word' id='word_1_428' title='bbox 772 2660 850 2687; x_wconf 90' lang='lat' dir='ltr'><strong>illius.</strong></span> <span class='ocrx_word' id='word_1_429' title='bbox 863 2660 997 2695; x_wconf 87' lang='lat' dir='ltr'><strong>Siquidem</strong></span> 
     </span>
    </p>
   </div>
   <div class='ocr_carea' id='block_1_55' title="bbox 210 2705 998 2741">
    <p class='ocr_par' dir='ltr' id='par_1_55' title="bbox 210 2705 998 2741">
     <span class='ocr_line' id='line_1_55' title="bbox 210 2705 998 2741; baseline 0.003 -10"><span class='ocrx_word' id='word_1_430' title='bbox 210 2710 348 2740; x_wconf 84' lang='lat' dir='ltr'><strong>postquam</strong></span> <span class='ocrx_word' id='word_1_431' title='bbox 363 2705 442 2732; x_wconf 90' lang='lat' dir='ltr'><strong>simul</strong></span> <span class='ocrx_word' id='word_1_432' title='bbox 458 2706 619 2734; x_wconf 79' lang='lat' dir='ltr'><strong>interiissent</strong></span> <span class='ocrx_word' id='word_1_433' title='bbox 631 2714 725 2741; x_wconf 73' lang='lat' dir='ltr'><strong>greges</strong></span> <span class='ocrx_word' id='word_1_434' title='bbox 739 2711 766 2734; x_wconf 87' lang='lat' dir='ltr'><strong>et</strong></span> <span class='ocrx_word' id='word_1_435' title='bbox 786 2711 905 2734; x_wconf 85' lang='lat' dir='ltr'><strong>armenta</strong></span> <span class='ocrx_word' id='word_1_436' title='bbox 916 2727 923 2739; x_wconf 88' lang='lat'><strong>,</strong></span> <span class='ocrx_word' id='word_1_437' title='bbox 939 2714 998 2733; x_wconf 91' lang='lat' dir='ltr'><strong>cum</strong></span> 
     </span>
    </p>
   </div>
   <div class='ocr_carea' id='block_1_56' title="bbox 210 2752 997 2787">
    <p class='ocr_par' dir='ltr' id='par_1_56' title="bbox 210 2752 997 2787">
     <span class='ocr_line' id='line_1_56' title="bbox 210 2752 997 2787; baseline 0.003 -10"><span class='ocrx_word' id='word_1_438' title='bbox 210 2752 315 2778; x_wconf 77' lang='lat' dir='ltr'><strong>creteris</strong></span> <span class='ocrx_word' id='word_1_439' title='bbox 327 2752 449 2779; x_wconf 88' lang='lat' dir='ltr'><strong>omnibus</strong></span> <span class='ocrx_word' id='word_1_440' title='bbox 459 2752 584 2787; x_wconf 88' lang='lat' dir='ltr'><strong>abreptus</strong></span> <span class='ocrx_word' id='word_1_441' title='bbox 595 2757 635 2780; x_wconf 91' lang='lat' dir='ltr'><strong>est</strong></span> <span class='ocrx_word' id='word_1_442' title='bbox 648 2753 791 2780; x_wconf 87' lang='lat' dir='ltr'><strong>liberorum</strong></span> <span class='ocrx_word' id='word_1_443' title='bbox 806 2757 875 2780; x_wconf 86' lang='lat' dir='ltr'><strong>totus</strong></span> <span class='ocrx_word' id='word_1_444' title='bbox 889 2753 997 2786; x_wconf 89' lang='lat' dir='ltr'><strong>chorus,</strong></span> 
     </span>
    </p>
   </div>
   <div class='ocr_carea' id='block_1_57' title="bbox 210 2798 999 2834">
    <p class='ocr_par' dir='ltr' id='par_1_57' title="bbox 210 2798 999 2834">
     <span class='ocr_line' id='line_1_57' title="bbox 210 2798 999 2834; baseline 0.003 -10"><span class='ocrx_word' id='word_1_445' title='bbox 210 2805 294 2832; x_wconf 86' lang='lat' dir='ltr'><strong>eaque</strong></span> <span class='ocrx_word' id='word_1_446' title='bbox 302 2798 390 2825; x_wconf 89' lang='lat' dir='ltr'><strong>omnia</strong></span> <span class='ocrx_word' id='word_1_447' title='bbox 402 2806 454 2825; x_wconf 93' lang='lat' dir='ltr'><strong>uno</strong></span> <span class='ocrx_word' id='word_1_448' title='bbox 462 2798 505 2826; x_wconf 93' lang='lat' dir='ltr'><strong>die</strong></span> <span class='ocrx_word' id='word_1_449' title='bbox 515 2804 622 2834; x_wconf 89' lang='lat' dir='ltr'><strong>peracta</strong></span> <span class='ocrx_word' id='word_1_450' title='bbox 633 2803 704 2832; x_wconf 88' lang='lat' dir='ltr'><strong>sunt,</strong></span> <span class='ocrx_word' id='word_1_451' title='bbox 716 2804 745 2826; x_wconf 91' lang='lat' dir='ltr'><strong>ut</strong></span> <span class='ocrx_word' id='word_1_452' title='bbox 755 2806 806 2826; x_wconf 93' lang='lat' dir='ltr'><strong>non</strong></span> <span class='ocrx_word' id='word_1_453' title='bbox 817 2799 897 2826; x_wconf 93' lang='lat' dir='ltr'><strong>modo</strong></span> <span class='ocrx_word' id='word_1_454' title='bbox 908 2804 999 2826; x_wconf 86' lang='lat' dir='ltr'><strong>natura</strong></span> 
     </span>
    </p>
   </div>
   <div class='ocr_carea' id='block_1_58' title="bbox 208 2843 1001 2878">
    <p class='ocr_par' dir='ltr' id='par_1_58' title="bbox 208 2843 1001 2878">
     <span class='ocr_line' id='line_1_58' title="bbox 208 2843 1001 2878; baseline 0.004 -10"><span class='ocrx_word' id='word_1_455' title='bbox 208 2843 396 2872; x_wconf 77' lang='lat' dir='ltr'><strong>ealamitatum.</strong></span> <span class='ocrx_word' id='word_1_456' title='bbox 412 2851 505 2872; x_wconf 85' lang='lat' dir='ltr'><strong>verum</strong></span> <span class='ocrx_word' id='word_1_457' title='bbox 518 2845 597 2871; x_wconf 84' lang='lat' dir='ltr'><strong>etiam</strong></span> <span class='ocrx_word' id='word_1_458' title='bbox 612 2844 774 2872; x_wconf 89' lang='lat' dir='ltr'><strong>continuitas</strong></span> <span class='ocrx_word' id='word_1_459' title='bbox 784 2844 900 2878; x_wconf 75' lang='lat' dir='ltr'><strong>dejicere</strong></span> <span class='ocrx_word' id='word_1_460' title='bbox 911 2848 1001 2878; x_wconf 81' lang='lat' dir='ltr'><strong>posset</strong></span> 
     </span>
    </p>
   </div>
   <div class='ocr_carea' id='block_1_59' title="bbox 211 2889 999 2927">
    <p class='ocr_par' dir='ltr' id='par_1_59' title="bbox 211 2889 999 2927">
     <span class='ocr_line' id='line_1_59' title="bbox 211 2889 999 2927; baseline 0 -10"><span class='ocrx_word' id='word_1_461' title='bbox 211 2889 346 2917; x_wconf 77' lang='lat' dir='ltr'><strong>athletam.</strong></span> <span class='ocrx_word' id='word_1_462' title='bbox 365 2889 428 2917; x_wconf 79' lang='lat' dir='ltr'><strong>l‘ost</strong></span> <span class='ocrx_word' id='word_1_463' title='bbox 448 2889 505 2918; x_wconf 67' lang='lat' dir='ltr'><strong>htec</strong></span> <span class='ocrx_word' id='word_1_464' title='bbox 519 2890 607 2918; x_wconf 81' lang='lat' dir='ltr'><strong>omnia</strong></span> <span class='ocrx_word' id='word_1_465' title='bbox 622 2891 716 2918; x_wconf 78' lang='lat' dir='ltr'><strong>vulnus</strong></span> <span class='ocrx_word' id='word_1_466' title='bbox 730 2890 757 2918; x_wconf 91' lang='lat' dir='ltr'><strong>in</strong></span> <span class='ocrx_word' id='word_1_467' title='bbox 772 2897 884 2927; x_wconf 80' lang='lat' dir='ltr'><strong>corpore</strong></span> <span class='ocrx_word' id='word_1_468' title='bbox 896 2890 999 2924; x_wconf 82' lang='lat' dir='ltr'><strong>accepit</strong></span> 
     </span>
    </p>
   </div>
   <div class='ocr_carea' id='block_1_60' title="bbox 242 160 1478 191">
    <p class='ocr_par' dir='ltr' id='par_1_60' title="bbox 242 160 1478 191">
     <span class='ocr_line' id='line_1_60' title="bbox 242 160 1478 191; baseline -0.003 1"><span class='ocrx_word' id='word_1_469' title='bbox 242 161 255 187; x_wconf 77' lang='lat'><strong>5</strong></span> <span class='ocrx_word' id='word_1_470' title='bbox 578 164 605 191; x_wconf 81' lang='lat' dir='ltr'><strong>S.</strong></span> <span class='ocrx_word' id='word_1_471' title='bbox 626 162 764 191; x_wconf 74' lang='lat' dir='ltr'><strong>JOANNIS</strong></span> <span class='ocrx_word' id='word_1_472' title='bbox 778 160 1017 189; x_wconf 71' lang='lat' dir='ltr'><strong>CllllYSOS‘l‘OMl</strong></span> <span class='ocrx_word' id='word_1_473' title='bbox 1035 160 1191 187; x_wconf 73' lang='lat' dir='ltr'><strong>AllCllll-Ll’.</strong></span> <span class='ocrx_word' id='word_1_474' title='bbox 1212 161 1478 189; x_wconf 60' lang='lat' dir='ltr'><strong>CUNSI‘ANTINOP.</strong></span> 
     </span>
    </p>
   </div>
   <div class='ocr_carea' id='block_1_61' title="bbox 1785 161 1836 188">
    <p class='ocr_par' dir='ltr' id='par_1_61' title="bbox 1785 161 1836 188">
     <span class='ocr_line' id='line_1_61' title="bbox 1785 161 1836 188; baseline -0.02 0"><span class='ocrx_word' id='word_1_475' title='bbox 1785 161 1836 188; x_wconf 70' lang='lat'><strong>930&#39;</strong></span> 
     </span>
    </p>
   </div>
   <div class='ocr_carea' id='block_1_62' title="bbox 1050 218 1837 257">
    <p class='ocr_par' dir='ltr' id='par_1_62' title="bbox 1050 218 1837 257">
     <span class='ocr_line' id='line_1_62' title="bbox 1050 218 1837 257; baseline 0.008 -12"><span class='ocrx_word' id='word_1_476' title='bbox 1050 218 1157 250; x_wconf 79' lang='lat' dir='ltr'><strong>lethale,</strong></span> <span class='ocrx_word' id='word_1_477' title='bbox 1174 220 1237 247; x_wconf 81' lang='lat' dir='ltr'><strong>vidit</strong></span> <span class='ocrx_word' id='word_1_478' title='bbox 1252 228 1355 248; x_wconf 74' lang='lat' dir='ltr'><strong>vermes</strong></span> <span class='ocrx_word' id='word_1_479' title='bbox 1371 225 1425 247; x_wconf 88' lang='lat' dir='ltr'><strong>toto</strong></span> <span class='ocrx_word' id='word_1_480' title='bbox 1440 221 1556 255; x_wconf 88' lang='lat' dir='ltr'><strong>undique</strong></span> <span class='ocrx_word' id='word_1_481' title='bbox 1568 228 1679 256; x_wconf 87' lang='lat' dir='ltr'><strong>corpore</strong></span> <span class='ocrx_word' id='word_1_482' title='bbox 1693 227 1837 257; x_wconf 77' lang='lat' dir='ltr'><strong>scatentes,</strong></span> 
     </span>
    </p>
   </div>
   <div class='ocr_carea' id='block_1_63' title="bbox 1051 265 1838 304">
    <p class='ocr_par' dir='ltr' id='par_1_63' title="bbox 1051 265 1838 304">
     <span class='ocr_line' id='line_1_63' title="bbox 1051 265 1838 304; baseline 0.005 -12"><span class='ocrx_word' id='word_1_483' title='bbox 1051 265 1189 298; x_wconf 83' lang='lat' dir='ltr'><strong>nudusque</strong></span> <span class='ocrx_word' id='word_1_484' title='bbox 1202 266 1271 293; x_wconf 86' lang='lat' dir='ltr'><strong>sedit</strong></span> <span class='ocrx_word' id='word_1_485' title='bbox 1285 266 1310 292; x_wconf 91' lang='lat' dir='ltr'><strong>in</strong></span> <span class='ocrx_word' id='word_1_486' title='bbox 1325 267 1500 301; x_wconf 86' lang='lat' dir='ltr'><strong>sterquilinio,</strong></span> <span class='ocrx_word' id='word_1_487' title='bbox 1518 267 1649 301; x_wconf 86' lang='lat' dir='ltr'><strong>publicum</strong></span> <span class='ocrx_word' id='word_1_488' title='bbox 1666 268 1698 295; x_wconf 87' lang='lat' dir='ltr'><strong>iis</strong></span> <span class='ocrx_word' id='word_1_489' title='bbox 1711 270 1753 304; x_wconf 89' lang='lat' dir='ltr'><strong>qui</strong></span> <span class='ocrx_word' id='word_1_490' title='bbox 1771 270 1838 297; x_wconf 58' lang='lat' dir='ltr'><strong>adeo</strong></span> 
     </span>
    </p>
   </div>
   <div class='ocr_carea' id='block_1_64' title="bbox 1049 311 1838 348">
    <p class='ocr_par' dir='ltr' id='par_1_64' title="bbox 1049 311 1838 348">
     <span class='ocr_line' id='line_1_64' title="bbox 1049 311 1838 348; baseline 0.009 -12"><span class='ocrx_word' id='word_1_491' title='bbox 1049 314 1110 337; x_wconf 89' lang='lat' dir='ltr'><strong>rant</strong></span> <span class='ocrx_word' id='word_1_492' title='bbox 1123 311 1278 337; x_wconf 82' lang='lat' dir='ltr'><strong>calamitatis</strong></span> <span class='ocrx_word' id='word_1_493' title='bbox 1291 312 1471 346; x_wconf 82' lang='lat' dir='ltr'><strong>spectaculum</strong></span> <span class='ocrx_word' id='word_1_494' title='bbox 1484 332 1491 344; x_wconf 87' lang='lat'><strong>,</strong></span> <span class='ocrx_word' id='word_1_495' title='bbox 1513 312 1557 340; x_wconf 89' lang='lat' dir='ltr'><strong>ille</strong></span> <span class='ocrx_word' id='word_1_496' title='bbox 1568 313 1665 348; x_wconf 88' lang='lat' dir='ltr'><strong>justus,</strong></span> <span class='ocrx_word' id='word_1_497' title='bbox 1682 314 1725 342; x_wconf 90' lang='lat' dir='ltr'><strong>ille</strong></span> <span class='ocrx_word' id='word_1_498' title='bbox 1738 323 1817 343; x_wconf 84' lang='lat' dir='ltr'><strong>verax</strong></span> <span class='ocrx_word' id='word_1_499' title='bbox 1829 337 1838 348; x_wconf 86' lang='lat'><strong>,</strong></span> 
     </span>
    </p>
   </div>
   <div class='ocr_carea' id='block_1_65' title="bbox 1049 356 1839 393">
    <p class='ocr_par' dir='ltr' id='par_1_65' title="bbox 1049 356 1839 393">
     <span class='ocr_line' id='line_1_65' title="bbox 1049 356 1839 393; baseline 0.006 -10"><span class='ocrx_word' id='word_1_500' title='bbox 1049 356 1093 383; x_wconf 89' lang='lat' dir='ltr'><strong>ille</strong></span> <span class='ocrx_word' id='word_1_501' title='bbox 1115 356 1172 390; x_wconf 85' lang='lat' dir='ltr'><strong>pius</strong></span> <span class='ocrx_word' id='word_1_502' title='bbox 1184 377 1190 389; x_wconf 86' lang='lat'><strong>,</strong></span> <span class='ocrx_word' id='word_1_503' title='bbox 1213 356 1259 384; x_wconf 85' lang='lat' dir='ltr'><strong>ille</strong></span> <span class='ocrx_word' id='word_1_504' title='bbox 1276 356 1309 384; x_wconf 87' lang='lat' dir='ltr'><strong>ab</strong></span> <span class='ocrx_word' id='word_1_505' title='bbox 1322 357 1393 384; x_wconf 89' lang='lat' dir='ltr'><strong>omni</strong></span> <span class='ocrx_word' id='word_1_506' title='bbox 1408 357 1571 393; x_wconf 84' lang='lat' dir='ltr'><strong>malo-opere</strong></span> <span class='ocrx_word' id='word_1_507' title='bbox 1583 359 1728 387; x_wconf 84' lang='lat' dir='ltr'><strong>abstinens.</strong></span> <span class='ocrx_word' id='word_1_508' title='bbox 1746 360 1782 387; x_wconf 75' lang='lat' dir='ltr'><strong>Ne</strong></span> <span class='ocrx_word' id='word_1_509' title='bbox 1796 361 1839 388; x_wconf 90' lang='lat' dir='ltr'><strong>hic</strong></span> 
     </span>
    </p>
   </div>
   <div class='ocr_carea' id='block_1_66' title="bbox 1049 401 1860 436">
    <p class='ocr_par' dir='ltr' id='par_1_66' title="bbox 1049 401 1860 436">
     <span class='ocr_line' id='line_1_66' title="bbox 1049 401 1860 436; baseline 0.009 -9"><span class='ocrx_word' id='word_1_510' title='bbox 1049 401 1156 436; x_wconf 88' lang='lat' dir='ltr'><strong>quidem</strong></span> <span class='ocrx_word' id='word_1_511' title='bbox 1175 407 1232 428; x_wconf 87' lang='lat' dir='ltr'><strong>erat</strong></span> <span class='ocrx_word' id='word_1_512' title='bbox 1253 402 1382 429; x_wconf 83' lang='lat' dir='ltr'><strong>malorum</strong></span> <span class='ocrx_word' id='word_1_513' title='bbox 1397 403 1456 430; x_wconf 90' lang='lat' dir='ltr'><strong>linis</strong></span> <span class='ocrx_word' id='word_1_514' title='bbox 1467 424 1473 435; x_wconf 95' lang='lat'><strong>,</strong></span> <span class='ocrx_word' id='word_1_515' title='bbox 1494 403 1541 430; x_wconf 91' lang='lat' dir='ltr'><strong>sed</strong></span> <span class='ocrx_word' id='word_1_516' title='bbox 1556 403 1661 432; x_wconf 84' lang='lat' dir='ltr'><strong>dolores</strong></span> <span class='ocrx_word' id='word_1_517' title='bbox 1673 406 1838 434; x_wconf 87' lang='lat' dir='ltr'><strong>addebantur</strong></span> <span class='ocrx_word' id='word_1_518' title='bbox 1853 419 1860 423; x_wconf 61' lang='grc' dir='ltr'><em>α</em></span> 
     </span>
    </p>
   </div>
   <div class='ocr_carea' id='block_1_67' title="bbox 1049 447 1841 485">
    <p class='ocr_par' dir='ltr' id='par_1_67' title="bbox 1049 447 1841 485">
     <span class='ocr_line' id='line_1_67' title="bbox 1049 447 1841 485; baseline 0.009 -12"><span class='ocrx_word' id='word_1_519' title='bbox 1049 447 1136 474; x_wconf 84' lang='lat' dir='ltr'><strong>diurni</strong></span> <span class='ocrx_word' id='word_1_520' title='bbox 1163 449 1263 482; x_wconf 89' lang='lat' dir='ltr'><strong>pariter</strong></span> <span class='ocrx_word' id='word_1_521' title='bbox 1291 455 1321 475; x_wconf 89' lang='lat' dir='ltr'><strong>ac</strong></span> <span class='ocrx_word' id='word_1_522' title='bbox 1350 449 1486 482; x_wconf 90' lang='lat' dir='ltr'><strong>nocturni;</strong></span> <span class='ocrx_word' id='word_1_523' title='bbox 1516 457 1637 485; x_wconf 82' lang='lat' dir='ltr'><strong>novaque</strong></span> <span class='ocrx_word' id='word_1_524' title='bbox 1665 452 1784 485; x_wconf 60' lang='lat' dir='ltr'><strong>quaedam</strong></span> <span class='ocrx_word' id='word_1_525' title='bbox 1812 457 1841 480; x_wconf 88' lang='lat' dir='ltr'><strong>et</strong></span> 
     </span>
    </p>
   </div>
   <div class='ocr_carea' id='block_1_68' title="bbox 1050 494 1839 530">
    <p class='ocr_par' dir='ltr' id='par_1_68' title="bbox 1050 494 1839 530">
     <span class='ocr_line' id='line_1_68' title="bbox 1050 494 1839 530; baseline 0.006 -10"><span class='ocrx_word' id='word_1_526' title='bbox 1050 494 1228 528; x_wconf 65' lang='lat' dir='ltr'><strong>incx~pectata</strong></span> <span class='ocrx_word' id='word_1_527' title='bbox 1250 495 1324 521; x_wconf 92' lang='lat' dir='ltr'><strong>illum</strong></span> <span class='ocrx_word' id='word_1_528' title='bbox 1345 494 1428 522; x_wconf 87' lang='lat' dir='ltr'><strong>fames</strong></span> <span class='ocrx_word' id='word_1_529' title='bbox 1445 495 1624 530; x_wconf 76' lang='lat' dir='ltr'><strong>oppugnabat.</strong></span> <span class='ocrx_word' id='word_1_530' title='bbox 1640 496 1780 530; x_wconf 76' lang='lat' dir='ltr'><strong>Fretorem,</strong></span> <span class='ocrx_word' id='word_1_531' title='bbox 1796 498 1839 525; x_wconf 88' lang='lat' dir='ltr'><strong>in-</strong></span> 
     </span>
    </p>
   </div>
   <div class='ocr_carea' id='block_1_69' title="bbox 1045 538 1838 577">
    <p class='ocr_par' dir='ltr' id='par_1_69' title="bbox 1045 538 1838 577">
     <span class='ocr_line' id='line_1_69' title="bbox 1045 538 1838 577; baseline 0.004 -11"><span class='ocrx_word' id='word_1_532' title='bbox 1045 539 1115 575; x_wconf 84' lang='lat' dir='ltr'><strong>quit,</strong></span> <span class='ocrx_word' id='word_1_533' title='bbox 1123 541 1195 568; x_wconf 81' lang='lat' dir='ltr'><strong>uideo</strong></span> <span class='ocrx_word' id='word_1_534' title='bbox 1210 538 1295 567; x_wconf 20' lang='lat' dir='ltr'><strong>cilium</strong></span> <span class='ocrx_word' id='word_1_535' title='bbox 1314 549 1400 568; x_wconf 83' lang='lat' dir='ltr'><strong>meum</strong></span> <span class='ocrx_word' id='word_1_536' title='bbox 1419 539 1480 577; x_wconf 76' lang='lat' dir='ltr'><strong>(Job</strong></span> <span class='ocrx_word' id='word_1_537' title='bbox 1498 540 1524 568; x_wconf 86' lang='lat'><strong>6.</strong></span> <span class='ocrx_word' id='word_1_538' title='bbox 1539 541 1576 576; x_wconf 87' lang='lat'><strong>7),</strong></span> <span class='ocrx_word' id='word_1_539' title='bbox 1591 542 1691 576; x_wconf 89' lang='lat' dir='ltr'><strong>probra</strong></span> <span class='ocrx_word' id='word_1_540' title='bbox 1703 542 1838 577; x_wconf 87' lang='lat' dir='ltr'><strong>quotidia-</strong></span> 
     </span>
    </p>
   </div>
   <div class='ocr_carea' id='block_1_70' title="bbox 1045 586 1835 622">
    <p class='ocr_par' dir='ltr' id='par_1_70' title="bbox 1045 586 1835 622">
     <span class='ocr_line' id='line_1_70' title="bbox 1045 586 1835 622; baseline 0.004 -10"><span class='ocrx_word' id='word_1_541' title='bbox 1045 593 1092 618; x_wconf 90' lang='lat' dir='ltr'><strong>na,</strong></span> <span class='ocrx_word' id='word_1_542' title='bbox 1110 586 1353 620; x_wconf 85' lang='lat' dir='ltr'><strong>subsannationes,</strong></span> <span class='ocrx_word' id='word_1_543' title='bbox 1371 591 1534 620; x_wconf 87' lang='lat' dir='ltr'><strong>scommata,</strong></span> <span class='ocrx_word' id='word_1_544' title='bbox 1545 587 1629 615; x_wconf 85' lang='lat' dir='ltr'><strong>risus.</strong></span> <span class='ocrx_word' id='word_1_545' title='bbox 1643 587 1710 615; x_wconf 86' lang='lat' dir='ltr'><strong>Nam</strong></span> <span class='ocrx_word' id='word_1_546' title='bbox 1727 588 1835 622; x_wconf 85' lang='lat' dir='ltr'><strong>famuli,</strong></span> 
     </span>
    </p>
   </div>
   <div class='ocr_carea' id='block_1_71' title="bbox 1049 631 1837 667">
    <p class='ocr_par' dir='ltr' id='par_1_71' title="bbox 1049 631 1837 667">
     <span class='ocr_line' id='line_1_71' title="bbox 1049 631 1837 667; baseline 0.005 -8"><span class='ocrx_word' id='word_1_547' title='bbox 1049 631 1151 667; x_wconf 88' lang='lat' dir='ltr'><strong>inquit,</strong></span> <span class='ocrx_word' id='word_1_548' title='bbox 1168 633 1234 665; x_wconf 90' lang='lat' dir='ltr'><strong>mei,</strong></span> <span class='ocrx_word' id='word_1_549' title='bbox 1250 637 1277 660; x_wconf 90' lang='lat' dir='ltr'><strong>et</strong></span> <span class='ocrx_word' id='word_1_550' title='bbox 1292 633 1511 661; x_wconf 82' lang='lat' dir='ltr'><strong>concubinarum</strong></span> <span class='ocrx_word' id='word_1_551' title='bbox 1521 641 1643 662; x_wconf 89' lang='lat' dir='ltr'><strong>mearum</strong></span> <span class='ocrx_word' id='word_1_552' title='bbox 1654 634 1701 662; x_wconf 82' lang='lat' dir='ltr'><strong>filii</strong></span> <span class='ocrx_word' id='word_1_553' title='bbox 1715 635 1837 663; x_wconf 88' lang='lat' dir='ltr'><strong>insurre-</strong></span> 
     </span>
    </p>
   </div>
   <div class='ocr_carea' id='block_1_72' title="bbox 1046 677 1837 715">
    <p class='ocr_par' dir='ltr' id='par_1_72' title="bbox 1046 677 1837 715">
     <span class='ocr_line' id='line_1_72' title="bbox 1046 677 1837 715; baseline 0.005 -11"><span class='ocrx_word' id='word_1_554' title='bbox 1046 682 1146 704; x_wconf 88' lang='lat' dir='ltr'><strong>xerunt</strong></span> <span class='ocrx_word' id='word_1_555' title='bbox 1156 677 1300 705; x_wconf 83' lang='lat' dir='ltr'><strong>adversum</strong></span> <span class='ocrx_word' id='word_1_556' title='bbox 1310 686 1363 710; x_wconf 89' lang='lat' dir='ltr'><strong>me,</strong></span> <span class='ocrx_word' id='word_1_557' title='bbox 1374 678 1435 706; x_wconf 90' lang='lat' dir='ltr'><strong>etin</strong></span> <span class='ocrx_word' id='word_1_558' title='bbox 1446 679 1837 715; x_wconf 81' lang='lat' dir='ltr'><strong>somnisterrores,cogitatio-</strong></span> 
     </span>
    </p>
   </div>
   <div class='ocr_carea' id='block_1_73' title="bbox 1047 723 1836 760">
    <p class='ocr_par' dir='ltr' id='par_1_73' title="bbox 1047 723 1836 760">
     <span class='ocr_line' id='line_1_73' title="bbox 1047 723 1836 760; baseline 0.004 -10"><span class='ocrx_word' id='word_1_559' title='bbox 1047 723 1114 750; x_wconf 78' lang='lat' dir='ltr'><strong>itum</strong></span> <span class='ocrx_word' id='word_1_560' title='bbox 1127 730 1256 758; x_wconf 89' lang='lat' dir='ltr'><strong>perpetua</strong></span> <span class='ocrx_word' id='word_1_561' title='bbox 1271 725 1394 759; x_wconf 73' lang='lat' dir='ltr'><strong>quaedam</strong></span> <span class='ocrx_word' id='word_1_562' title='bbox 1407 724 1558 752; x_wconf 83' lang='lat' dir='ltr'><strong>fluctuatio.</strong></span> <span class='ocrx_word' id='word_1_563' title='bbox 1574 725 1654 760; x_wconf 83' lang='lat' dir='ltr'><strong>Atqui</strong></span> <span class='ocrx_word' id='word_1_564' title='bbox 1666 734 1736 753; x_wconf 88' lang='lat' dir='ltr'><strong>uxor</strong></span> <span class='ocrx_word' id='word_1_565' title='bbox 1744 728 1836 753; x_wconf 90' lang='lat' dir='ltr'><strong>consi-</strong></span> 
     </span>
    </p>
   </div>
   <div class='ocr_carea' id='block_1_74' title="bbox 1047 770 1836 804">
    <p class='ocr_par' dir='ltr' id='par_1_74' title="bbox 1047 770 1836 804">
     <span class='ocr_line' id='line_1_74' title="bbox 1047 770 1836 804; baseline 0.003 -8"><span class='ocrx_word' id='word_1_566' title='bbox 1047 770 1113 796; x_wconf 89' lang='lat' dir='ltr'><strong>lium</strong></span> <span class='ocrx_word' id='word_1_567' title='bbox 1125 770 1210 799; x_wconf 67' lang='lat' dir='ltr'><strong>dedit,</strong></span> <span class='ocrx_word' id='word_1_568' title='bbox 1223 774 1252 797; x_wconf 92' lang='lat' dir='ltr'><strong>ut</strong></span> <span class='ocrx_word' id='word_1_569' title='bbox 1266 771 1300 797; x_wconf 90' lang='lat' dir='ltr'><strong>ab</strong></span> <span class='ocrx_word' id='word_1_570' title='bbox 1313 771 1356 798; x_wconf 90' lang='lat' dir='ltr'><strong>bis</strong></span> <span class='ocrx_word' id='word_1_571' title='bbox 1369 771 1498 798; x_wconf 85' lang='lat' dir='ltr'><strong>omnibus</strong></span> <span class='ocrx_word' id='word_1_572' title='bbox 1513 771 1592 798; x_wconf 87' lang='lat' dir='ltr'><strong>malis</strong></span> <span class='ocrx_word' id='word_1_573' title='bbox 1609 771 1782 804; x_wconf 87' lang='lat' dir='ltr'><strong>liberaretur,</strong></span> <span class='ocrx_word' id='word_1_574' title='bbox 1796 772 1836 798; x_wconf 85' lang='lat' dir='ltr'><strong>ita</strong></span> 
     </span>
    </p>
   </div>
   <div class='ocr_carea' id='block_1_75' title="bbox 1048 815 1837 851">
    <p class='ocr_par' dir='ltr' id='par_1_75' title="bbox 1048 815 1837 851">
     <span class='ocr_line' id='line_1_75' title="bbox 1048 815 1837 851; baseline 0.003 -9"><span class='ocrx_word' id='word_1_575' title='bbox 1048 815 1164 850; x_wconf 90' lang='lat' dir='ltr'><strong>loquens</strong></span> <span class='ocrx_word' id='word_1_576' title='bbox 1178 825 1183 843; x_wconf 89' lang='lat'><strong>:</strong></span> <span class='ocrx_word' id='word_1_577' title='bbox 1197 815 1246 842; x_wconf 84' lang='lat' dir='ltr'><strong>Dic</strong></span> <span class='ocrx_word' id='word_1_578' title='bbox 1259 816 1367 851; x_wconf 83' lang='lat' dir='ltr'><strong>aliquod</strong></span> <span class='ocrx_word' id='word_1_579' title='bbox 1377 816 1482 843; x_wconf 73' lang='lat' dir='ltr'><strong>verbum</strong></span> <span class='ocrx_word' id='word_1_580' title='bbox 1497 817 1623 844; x_wconf 72' lang='lat' dir='ltr'><strong>adversus</strong></span> <span class='ocrx_word' id='word_1_581' title='bbox 1635 817 1788 849; x_wconf 75' lang='lat' dir='ltr'><strong>Demittunt,</strong></span> <span class='ocrx_word' id='word_1_582' title='bbox 1804 826 1837 844; x_wconf 85' lang='lat' dir='ltr'><strong>ac</strong></span> 
     </span>
    </p>
   </div>
   <div class='ocr_carea' id='block_1_76' title="bbox 1049 861 1838 897">
    <p class='ocr_par' dir='ltr' id='par_1_76' title="bbox 1049 861 1838 897">
     <span class='ocr_line' id='line_1_76' title="bbox 1049 861 1838 897; baseline 0.004 -10"><span class='ocrx_word' id='word_1_583' title='bbox 1049 869 1150 888; x_wconf 85' lang='lat' dir='ltr'><strong>morere</strong></span> <span class='ocrx_word' id='word_1_584' title='bbox 1160 861 1215 897; x_wconf 84' lang='lat' dir='ltr'><strong>(Id.</strong></span> <span class='ocrx_word' id='word_1_585' title='bbox 1224 861 1252 888; x_wconf 73' lang='lat'><strong>2.</strong></span> <span class='ocrx_word' id='word_1_586' title='bbox 1264 862 1302 896; x_wconf 84' lang='lat'><strong>9).</strong></span> <span class='ocrx_word' id='word_1_587' title='bbox 1314 862 1372 893; x_wconf 87' lang='lat' dir='ltr'><strong>Dic,</strong></span> <span class='ocrx_word' id='word_1_588' title='bbox 1386 863 1484 897; x_wconf 87' lang='lat' dir='ltr'><strong>inquit,</strong></span> <span class='ocrx_word' id='word_1_589' title='bbox 1496 863 1704 897; x_wconf 82' lang='lat' dir='ltr'><strong>blasphemiam,</strong></span> <span class='ocrx_word' id='word_1_590' title='bbox 1713 864 1780 890; x_wconf 88' lang='lat' dir='ltr'><strong>etab</strong></span> <span class='ocrx_word' id='word_1_591' title='bbox 1789 871 1838 890; x_wconf 86' lang='lat' dir='ltr'><strong>ur-</strong></span> 
     </span>
    </p>
   </div>
   <div class='ocr_carea' id='block_1_77' title="bbox 1049 907 1838 943">
    <p class='ocr_par' dir='ltr' id='par_1_77' title="bbox 1049 907 1838 943">
     <span class='ocr_line' id='line_1_77' title="bbox 1049 907 1838 943; baseline 0.004 -10"><span class='ocrx_word' id='word_1_592' title='bbox 1049 907 1177 942; x_wconf 77' lang='lat' dir='ltr'><strong>gentibus</strong></span> <span class='ocrx_word' id='word_1_593' title='bbox 1185 908 1263 934; x_wconf 82' lang='lat' dir='ltr'><strong>malis</strong></span> <span class='ocrx_word' id='word_1_594' title='bbox 1272 908 1436 935; x_wconf 85' lang='lat' dir='ltr'><strong>liberabere.</strong></span> <span class='ocrx_word' id='word_1_595' title='bbox 1445 908 1515 941; x_wconf 88' lang='lat' dir='ltr'><strong>Quid</strong></span> <span class='ocrx_word' id='word_1_596' title='bbox 1524 909 1618 943; x_wconf 80' lang='lat' dir='ltr'><strong>igitur?</strong></span> <span class='ocrx_word' id='word_1_597' title='bbox 1626 907 1695 935; x_wconf 89' lang='lat' dir='ltr'><strong>Num</strong></span> <span class='ocrx_word' id='word_1_598' title='bbox 1705 909 1838 936; x_wconf 80' lang='lat' dir='ltr'><strong>subvertit</strong></span> 
     </span>
    </p>
   </div>
   <div class='ocr_carea' id='block_1_78' title="bbox 1051 953 1844 981">
    <p class='ocr_par' dir='ltr' id='par_1_78' title="bbox 1051 953 1844 981">
     <span class='ocr_line' id='line_1_78' title="bbox 1051 953 1844 981; baseline 0 -2"><span class='ocrx_word' id='word_1_599' title='bbox 1051 957 1177 980; x_wconf 82' lang='lat' dir='ltr'><strong>sanctum</strong></span> <span class='ocrx_word' id='word_1_600' title='bbox 1188 953 1262 980; x_wconf 91' lang='lat' dir='ltr'><strong>illum</strong></span> <span class='ocrx_word' id='word_1_601' title='bbox 1276 953 1363 980; x_wconf 87' lang='lat' dir='ltr'><strong>virum</strong></span> <span class='ocrx_word' id='word_1_602' title='bbox 1372 954 1494 981; x_wconf 87' lang='lat' dir='ltr'><strong>mulieris</strong></span> <span class='ocrx_word' id='word_1_603' title='bbox 1503 953 1662 981; x_wconf 85' lang='lat' dir='ltr'><strong>consilium?</strong></span> <span class='ocrx_word' id='word_1_604' title='bbox 1669 953 1725 980; x_wconf 89' lang='lat' dir='ltr'><strong>lmo</strong></span> <span class='ocrx_word' id='word_1_605' title='bbox 1733 957 1844 980; x_wconf 88' lang='lat' dir='ltr'><strong>contra-</strong></span> 
     </span>
    </p>
   </div>
   <div class='ocr_carea' id='block_1_79' title="bbox 1050 991 1838 1034">
    <p class='ocr_par' dir='ltr' id='par_1_79' title="bbox 1050 991 1838 1034">
     <span class='ocr_line' id='line_1_79' title="bbox 1050 991 1838 1034; baseline -0.001 -9"><span class='ocrx_word' id='word_1_606' title='bbox 1050 998 1121 1025; x_wconf 87' lang='lat' dir='ltr'><strong>rium</strong></span> <span class='ocrx_word' id='word_1_607' title='bbox 1130 997 1201 1030; x_wconf 86' lang='lat' dir='ltr'><strong>fecit,</strong></span> <span class='ocrx_word' id='word_1_608' title='bbox 1211 991 1352 1034; x_wconf 76' lang='lat' dir='ltr'><strong>magisque</strong></span> <span class='ocrx_word' id='word_1_609' title='bbox 1363 999 1437 1026; x_wconf 91' lang='lat' dir='ltr'><strong>illum</strong></span> <span class='ocrx_word' id='word_1_610' title='bbox 1449 999 1650 1032; x_wconf 88' lang='lat' dir='ltr'><strong>corroboravit,</strong></span> <span class='ocrx_word' id='word_1_611' title='bbox 1661 1000 1701 1026; x_wconf 89' lang='lat' dir='ltr'><strong>sic</strong></span> <span class='ocrx_word' id='word_1_612' title='bbox 1715 999 1797 1026; x_wconf 88' lang='lat' dir='ltr'><strong>etiam</strong></span> <span class='ocrx_word' id='word_1_613' title='bbox 1809 1003 1838 1025; x_wconf 88' lang='lat' dir='ltr'><strong>ut</strong></span> 
     </span>
    </p>
   </div>
   <div class='ocr_carea' id='block_1_80' title="bbox 1052 1044 1838 1080">
    <p class='ocr_par' dir='ltr' id='par_1_80' title="bbox 1052 1044 1838 1080">
     <span class='ocr_line' id='line_1_80' title="bbox 1052 1044 1838 1080; baseline 0.003 -10"><span class='ocrx_word' id='word_1_614' title='bbox 1052 1044 1207 1079; x_wconf 80' lang='lat' dir='ltr'><strong>increparet</strong></span> <span class='ocrx_word' id='word_1_615' title='bbox 1217 1052 1340 1072; x_wconf 84' lang='lat' dir='ltr'><strong>uxorem.</strong></span> <span class='ocrx_word' id='word_1_616' title='bbox 1351 1044 1446 1072; x_wconf 81' lang='lat' dir='ltr'><strong>Potius</strong></span> <span class='ocrx_word' id='word_1_617' title='bbox 1458 1045 1530 1072; x_wconf 90' lang='lat' dir='ltr'><strong>enim</strong></span> <span class='ocrx_word' id='word_1_618' title='bbox 1542 1045 1621 1073; x_wconf 86' lang='lat' dir='ltr'><strong>duxit</strong></span> <span class='ocrx_word' id='word_1_619' title='bbox 1633 1045 1785 1080; x_wconf 86' lang='lat' dir='ltr'><strong>majoribus</strong></span> <span class='ocrx_word' id='word_1_620' title='bbox 1796 1045 1838 1072; x_wconf 88' lang='lat' dir='ltr'><strong>af—</strong></span> 
     </span>
    </p>
   </div>
   <div class='ocr_carea' id='block_1_81' title="bbox 1053 1090 1840 1127">
    <p class='ocr_par' dir='ltr' id='par_1_81' title="bbox 1053 1090 1840 1127">
     <span class='ocr_line' id='line_1_81' title="bbox 1053 1090 1840 1127; baseline -0.001 -8"><span class='ocrx_word' id='word_1_621' title='bbox 1053 1091 1095 1119; x_wconf 82' lang='lat' dir='ltr'><strong>fici</strong></span> <span class='ocrx_word' id='word_1_622' title='bbox 1105 1090 1636 1126; x_wconf 81' lang='lat' dir='ltr'><strong>cruciariquedoloribus,innumcranue</strong></span> <span class='ocrx_word' id='word_1_623' title='bbox 1645 1091 1747 1127; x_wconf 82' lang='lat' dir='ltr'><strong>perpeti</strong></span> <span class='ocrx_word' id='word_1_624' title='bbox 1758 1099 1773 1117; x_wconf 94' lang='lat' dir='ltr'><strong>u</strong></span> <span class='ocrx_word' id='word_1_625' title='bbox 1784 1090 1840 1121; x_wconf 75' lang='lat' dir='ltr'><strong>ah.</strong></span> 
     </span>
    </p>
   </div>
   <div class='ocr_carea' id='block_1_82' title="bbox 1053 1135 1840 1173">
    <p class='ocr_par' dir='ltr' id='par_1_82' title="bbox 1053 1135 1840 1173">
     <span class='ocr_line' id='line_1_82' title="bbox 1053 1135 1840 1173; baseline -0.005 -8"><span class='ocrx_word' id='word_1_626' title='bbox 1053 1146 1132 1173; x_wconf 91' lang='lat' dir='ltr'><strong>quam</strong></span> <span class='ocrx_word' id='word_1_627' title='bbox 1148 1138 1310 1172; x_wconf 84' lang='lat' dir='ltr'><strong>blasphemia</strong></span> <span class='ocrx_word' id='word_1_628' title='bbox 1326 1138 1378 1165; x_wconf 89' lang='lat' dir='ltr'><strong>ulla</strong></span> <span class='ocrx_word' id='word_1_629' title='bbox 1395 1141 1527 1164; x_wconf 84' lang='lat' dir='ltr'><strong>tantorum</strong></span> <span class='ocrx_word' id='word_1_630' title='bbox 1547 1136 1676 1163; x_wconf 90' lang='lat' dir='ltr'><strong>malorum</strong></span> <span class='ocrx_word' id='word_1_631' title='bbox 1698 1135 1840 1163; x_wconf 81' lang='lat' dir='ltr'><strong>relaxatio-</strong></span> 
     </span>
    </p>
   </div>
   <div class='ocr_carea' id='block_1_83' title="bbox 1053 1181 1840 1219">
    <p class='ocr_par' dir='ltr' id='par_1_83' title="bbox 1053 1181 1840 1219">
     <span class='ocr_line' id='line_1_83' title="bbox 1053 1181 1840 1219; baseline -0.005 -8"><span class='ocrx_word' id='word_1_632' title='bbox 1053 1193 1113 1212; x_wconf 93' lang='lat' dir='ltr'><strong>ncm</strong></span> <span class='ocrx_word' id='word_1_633' title='bbox 1127 1184 1263 1219; x_wconf 83' lang='lat' dir='ltr'><strong>consequi.</strong></span> <span class='ocrx_word' id='word_1_634' title='bbox 1280 1183 1371 1211; x_wconf 87' lang='lat' dir='ltr'><strong>Itidem</strong></span> <span class='ocrx_word' id='word_1_635' title='bbox 1385 1188 1411 1210; x_wconf 92' lang='lat' dir='ltr'><strong>et</strong></span> <span class='ocrx_word' id='word_1_636' title='bbox 1426 1183 1468 1210; x_wconf 87' lang='lat' dir='ltr'><strong>ille</strong></span> <span class='ocrx_word' id='word_1_637' title='bbox 1478 1203 1486 1216; x_wconf 89' lang='lat'><strong>,</strong></span> <span class='ocrx_word' id='word_1_638' title='bbox 1507 1182 1553 1218; x_wconf 91' lang='lat' dir='ltr'><strong>qui</strong></span> <span class='ocrx_word' id='word_1_639' title='bbox 1570 1183 1676 1217; x_wconf 80' lang='lat' dir='ltr'><strong>triginta</strong></span> <span class='ocrx_word' id='word_1_640' title='bbox 1689 1187 1750 1209; x_wconf 92' lang='lat' dir='ltr'><strong>octo</strong></span> <span class='ocrx_word' id='word_1_641' title='bbox 1764 1181 1840 1208; x_wconf 87' lang='lat' dir='ltr'><strong>annis</strong></span> 
     </span>
    </p>
   </div>
   <div class='ocr_carea' id='block_1_84' title="bbox 1053 1227 1841 1264">
    <p class='ocr_par' dir='ltr' id='par_1_84' title="bbox 1053 1227 1841 1264">
     <span class='ocr_line' id='line_1_84' title="bbox 1053 1227 1841 1264; baseline -0.006 -6"><span class='ocrx_word' id='word_1_642' title='bbox 1053 1232 1176 1258; x_wconf 88' lang='lat' dir='ltr'><strong>detentus</strong></span> <span class='ocrx_word' id='word_1_643' title='bbox 1189 1230 1275 1258; x_wconf 88' lang='lat' dir='ltr'><strong>fuerat</strong></span> <span class='ocrx_word' id='word_1_644' title='bbox 1290 1232 1315 1257; x_wconf 91' lang='lat' dir='ltr'><strong>in</strong></span> <span class='ocrx_word' id='word_1_645' title='bbox 1330 1230 1484 1257; x_wconf 83' lang='lat' dir='ltr'><strong>infirmitate</strong></span> <span class='ocrx_word' id='word_1_646' title='bbox 1497 1237 1554 1261; x_wconf 84' lang='lat' dir='ltr'><strong>sua,</strong></span> <span class='ocrx_word' id='word_1_647' title='bbox 1570 1228 1679 1264; x_wconf 75' lang='lat' dir='ltr'><strong>singulis</strong></span> <span class='ocrx_word' id='word_1_648' title='bbox 1691 1227 1768 1254; x_wconf 88' lang='lat' dir='ltr'><strong>annis</strong></span> <span class='ocrx_word' id='word_1_649' title='bbox 1780 1235 1841 1254; x_wconf 86' lang='lat' dir='ltr'><strong>cur-</strong></span> 
     </span>
    </p>
   </div>
   <div class='ocr_carea' id='block_1_85' title="bbox 1053 1274 1843 1311">
    <p class='ocr_par' dir='ltr' id='par_1_85' title="bbox 1053 1274 1843 1311">
     <span class='ocr_line' id='line_1_85' title="bbox 1053 1274 1843 1311; baseline -0.004 -8"><span class='ocrx_word' id='word_1_650' title='bbox 1053 1277 1129 1304; x_wconf 91' lang='lat' dir='ltr'><strong>rebat</strong></span> <span class='ocrx_word' id='word_1_651' title='bbox 1141 1276 1173 1303; x_wconf 89' lang='lat' dir='ltr'><strong>ad</strong></span> <span class='ocrx_word' id='word_1_652' title='bbox 1189 1276 1326 1311; x_wconf 88' lang='lat' dir='ltr'><strong>piscinam,</strong></span> <span class='ocrx_word' id='word_1_653' title='bbox 1338 1280 1366 1303; x_wconf 80' lang='lat' dir='ltr'><strong>ut.</strong></span> <span class='ocrx_word' id='word_1_654' title='bbox 1378 1276 1487 1310; x_wconf 76' lang='lat' dir='ltr'><strong>singulis</strong></span> <span class='ocrx_word' id='word_1_655' title='bbox 1500 1275 1576 1302; x_wconf 90' lang='lat' dir='ltr'><strong>annis</strong></span> <span class='ocrx_word' id='word_1_656' title='bbox 1589 1274 1776 1310; x_wconf 80' lang='lat' dir='ltr'><strong>repellebatur,</strong></span> <span class='ocrx_word' id='word_1_657' title='bbox 1793 1280 1843 1300; x_wconf 87' lang='lat' dir='ltr'><strong>nee</strong></span> 
     </span>
    </p>
   </div>
   <div class='ocr_carea' id='block_1_86' title="bbox 1053 1319 1842 1357">
    <p class='ocr_par' dir='ltr' id='par_1_86' title="bbox 1053 1319 1842 1357">
     <span class='ocr_line' id='line_1_86' title="bbox 1053 1319 1842 1357; baseline -0.005 -8"><span class='ocrx_word' id='word_1_658' title='bbox 1053 1323 1242 1357; x_wconf 86' lang='lat' dir='ltr'><strong>assequebatur</strong></span> <span class='ocrx_word' id='word_1_659' title='bbox 1252 1322 1391 1349; x_wconf 87' lang='lat' dir='ltr'><strong>sanitatem</strong></span> <span class='ocrx_word' id='word_1_660' title='bbox 1404 1321 1495 1356; x_wconf 85' lang='lat' dir='ltr'><strong>(Joan.</strong></span> <span class='ocrx_word' id='word_1_661' title='bbox 1509 1321 1537 1355; x_wconf 81' lang='lat'><strong>5)</strong></span> <span class='ocrx_word' id='word_1_662' title='bbox 1546 1319 1559 1353; x_wconf 60' lang='grc'><strong>;“</strong></span> <span class='ocrx_word' id='word_1_663' title='bbox 1568 1320 1614 1347; x_wconf 91' lang='lat' dir='ltr'><strong>sed</strong></span> <span class='ocrx_word' id='word_1_664' title='bbox 1627 1319 1768 1355; x_wconf 87' lang='lat' dir='ltr'><strong>quotannis</strong></span> <span class='ocrx_word' id='word_1_665' title='bbox 1779 1326 1842 1346; x_wconf 92' lang='lat' dir='ltr'><strong>con-</strong></span> 
     </span>
    </p>
   </div>
   <div class='ocr_carea' id='block_1_87' title="bbox 1052 1366 1843 1404">
    <p class='ocr_par' dir='ltr' id='par_1_87' title="bbox 1052 1366 1843 1404">
     <span class='ocr_line' id='line_1_87' title="bbox 1052 1366 1843 1404; baseline -0.004 -9"><span class='ocrx_word' id='word_1_666' title='bbox 1052 1368 1180 1404; x_wconf 65' lang='lat' dir='ltr'><strong>spiciebat</strong></span> <span class='ocrx_word' id='word_1_667' title='bbox 1191 1369 1257 1396; x_wconf 87' lang='lat' dir='ltr'><strong>alios</strong></span> <span class='ocrx_word' id='word_1_668' title='bbox 1267 1368 1447 1403; x_wconf 84' lang='lat' dir='ltr'><strong>sanari,.qnod</strong></span> <span class='ocrx_word' id='word_1_669' title='bbox 1461 1368 1558 1395; x_wconf 89' lang='lat' dir='ltr'><strong>multos</strong></span> <span class='ocrx_word' id='word_1_670' title='bbox 1569 1367 1706 1400; x_wconf 89' lang='lat' dir='ltr'><strong>haberent,</strong></span> <span class='ocrx_word' id='word_1_671' title='bbox 1720 1374 1735 1394; x_wconf 91' lang='lat' dir='ltr'><strong>a</strong></span> <span class='ocrx_word' id='word_1_672' title='bbox 1748 1366 1843 1401; x_wconf 91' lang='lat' dir='ltr'><strong>quibus</strong></span> 
     </span>
    </p>
   </div>
   <div class='ocr_carea' id='block_1_88' title="bbox 1052 1413 1842 1448">
    <p class='ocr_par' dir='ltr' id='par_1_88' title="bbox 1052 1413 1842 1448">
     <span class='ocr_line' id='line_1_88' title="bbox 1052 1413 1842 1448; baseline -0.004 -6"><span class='ocrx_word' id='word_1_673' title='bbox 1052 1420 1228 1448; x_wconf 89' lang='lat' dir='ltr'><strong>curarentur,</strong></span> <span class='ocrx_word' id='word_1_674' title='bbox 1249 1423 1278 1442; x_wconf 86' lang='lat' dir='ltr'><strong>se</strong></span> <span class='ocrx_word' id='word_1_675' title='bbox 1297 1422 1360 1442; x_wconf 86' lang='lat' dir='ltr'><strong>vero</strong></span> <span class='ocrx_word' id='word_1_676' title='bbox 1374 1415 1528 1442; x_wconf 88' lang='lat' dir='ltr'><strong>destitutum</strong></span> <span class='ocrx_word' id='word_1_677' title='bbox 1550 1414 1662 1441; x_wconf 89' lang='lat' dir='ltr'><strong>aliorum</strong></span> <span class='ocrx_word' id='word_1_678' title='bbox 1683 1413 1791 1444; x_wconf 90' lang='lat' dir='ltr'><strong>auxilio,</strong></span> <span class='ocrx_word' id='word_1_679' title='bbox 1815 1413 1842 1439; x_wconf 94' lang='lat' dir='ltr'><strong>in</strong></span> 
     </span>
    </p>
   </div>
   <div class='ocr_carea' id='block_1_89' title="bbox 1054 1458 1844 1496">
    <p class='ocr_par' dir='ltr' id='par_1_89' title="bbox 1054 1458 1844 1496">
     <span class='ocr_line' id='line_1_89' title="bbox 1054 1458 1844 1496; baseline -0.005 -7"><span class='ocrx_word' id='word_1_680' title='bbox 1054 1468 1181 1496; x_wconf 81' lang='lat' dir='ltr'><strong>perpetua</strong></span> <span class='ocrx_word' id='word_1_681' title='bbox 1202 1469 1309 1489; x_wconf 81' lang='lat' dir='ltr'><strong>manere</strong></span> <span class='ocrx_word' id='word_1_682' title='bbox 1330 1461 1454 1496; x_wconf 85' lang='lat' dir='ltr'><strong>paralysi.</strong></span> <span class='ocrx_word' id='word_1_683' title='bbox 1477 1460 1530 1488; x_wconf 72' lang='lat' dir='ltr'><strong>Nec</strong></span> <span class='ocrx_word' id='word_1_684' title='bbox 1550 1461 1589 1487; x_wconf 87' lang='lat' dir='ltr'><strong>sic</strong></span> <span class='ocrx_word' id='word_1_685' title='bbox 1607 1459 1714 1495; x_wconf 90' lang='lat' dir='ltr'><strong>quidem</strong></span> <span class='ocrx_word' id='word_1_686' title='bbox 1727 1458 1844 1493; x_wconf 75' lang='lat' dir='ltr'><strong>confugit</strong></span> 
     </span>
    </p>
   </div>
   <div class='ocr_carea' id='block_1_90' title="bbox 1052 1505 1841 1540">
    <p class='ocr_par' dir='ltr' id='par_1_90' title="bbox 1052 1505 1841 1540">
     <span class='ocr_line' id='line_1_90' title="bbox 1052 1505 1841 1540; baseline -0.004 -6"><span class='ocrx_word' id='word_1_687' title='bbox 1052 1508 1085 1534; x_wconf 89' lang='lat' dir='ltr'><strong>ad</strong></span> <span class='ocrx_word' id='word_1_688' title='bbox 1098 1513 1180 1539; x_wconf 84' lang='lat' dir='ltr'><strong>\‘ates,</strong></span> <span class='ocrx_word' id='word_1_689' title='bbox 1194 1516 1246 1534; x_wconf 92' lang='lat' dir='ltr'><strong>non</strong></span> <span class='ocrx_word' id='word_1_690' title='bbox 1257 1507 1322 1535; x_wconf 84' lang='lat' dir='ltr'><strong>adiit</strong></span> <span class='ocrx_word' id='word_1_691' title='bbox 1332 1508 1520 1540; x_wconf 86' lang='lat' dir='ltr'><strong>incantatores,</strong></span> <span class='ocrx_word' id='word_1_692' title='bbox 1529 1514 1581 1533; x_wconf 93' lang='lat' dir='ltr'><strong>non</strong></span> <span class='ocrx_word' id='word_1_693' title='bbox 1592 1505 1707 1540; x_wconf 72' lang='lat' dir='ltr'><strong>alligavit</strong></span> <span class='ocrx_word' id='word_1_694' title='bbox 1718 1505 1841 1536; x_wconf 81' lang='lat' dir='ltr'><strong>amuleta,</strong></span> 
     </span>
    </p>
   </div>
   <div class='ocr_carea' id='block_1_91' title="bbox 1052 1549 1844 1588">
    <p class='ocr_par' dir='ltr' id='par_1_91' title="bbox 1052 1549 1844 1588">
     <span class='ocr_line' id='line_1_91' title="bbox 1052 1549 1844 1588; baseline -0.005 -8"><span class='ocrx_word' id='word_1_695' title='bbox 1052 1554 1099 1580; x_wconf 85' lang='lat' dir='ltr'><strong>sed</strong></span> <span class='ocrx_word' id='word_1_696' title='bbox 1124 1554 1285 1588; x_wconf 79' lang='lat' dir='ltr'><strong>exspectavit</strong></span> <span class='ocrx_word' id='word_1_697' title='bbox 1306 1553 1421 1580; x_wconf 88' lang='lat' dir='ltr'><strong>divinam</strong></span> <span class='ocrx_word' id='word_1_698' title='bbox 1437 1560 1514 1587; x_wconf 85' lang='lat' dir='ltr'><strong>opem</strong></span> <span class='ocrx_word' id='word_1_699' title='bbox 1528 1561 1534 1579; x_wconf 88' lang='lat'>:</span> <span class='ocrx_word' id='word_1_700' title='bbox 1547 1551 1607 1579; x_wconf 89' lang='lat' dir='ltr'><strong>ideo</strong></span> <span class='ocrx_word' id='word_1_701' title='bbox 1628 1551 1733 1578; x_wconf 87' lang='lat' dir='ltr'><strong>tandem</strong></span> <span class='ocrx_word' id='word_1_702' title='bbox 1757 1549 1844 1577; x_wconf 88' lang='lat' dir='ltr'><strong>admi-</strong></span> 
     </span>
    </p>
   </div>
   <div class='ocr_carea' id='block_1_92' title="bbox 1052 1595 1841 1634">
    <p class='ocr_par' dir='ltr' id='par_1_92' title="bbox 1052 1595 1841 1634">
     <span class='ocr_line' id='line_1_92' title="bbox 1052 1595 1841 1634; baseline -0.006 -8"><span class='ocrx_word' id='word_1_703' title='bbox 1052 1599 1161 1626; x_wconf 89' lang='lat' dir='ltr'><strong>randam</strong></span> <span class='ocrx_word' id='word_1_704' title='bbox 1172 1599 1313 1634; x_wconf 84' lang='lat' dir='ltr'><strong>quamdam</strong></span> <span class='ocrx_word' id='word_1_705' title='bbox 1324 1598 1505 1626; x_wconf 83' lang='lat' dir='ltr'><strong>etinauditam</strong></span> <span class='ocrx_word' id='word_1_706' title='bbox 1518 1598 1656 1624; x_wconf 84' lang='lat' dir='ltr'><strong>sanitatem</strong></span> <span class='ocrx_word' id='word_1_707' title='bbox 1668 1595 1780 1630; x_wconf 86' lang='lat' dir='ltr'><strong>adeptus</strong></span> <span class='ocrx_word' id='word_1_708' title='bbox 1791 1599 1841 1622; x_wconf 91' lang='lat' dir='ltr'><strong>est.</strong></span> 
     </span>
    </p>
   </div>
   <div class='ocr_carea' id='block_1_93' title="bbox 1052 1640 1844 1674">
    <p class='ocr_par' dir='ltr' id='par_1_93' title="bbox 1052 1640 1844 1674">
     <span class='ocr_line' id='line_1_93' title="bbox 1052 1640 1844 1674; baseline -0.008 -2"><span class='ocrx_word' id='word_1_709' title='bbox 1052 1645 1168 1672; x_wconf 82' lang='lat' dir='ltr'><strong>Lazarus</strong></span> <span class='ocrx_word' id='word_1_710' title='bbox 1179 1649 1266 1671; x_wconf 88' lang='lat' dir='ltr'><strong>autem</strong></span> <span class='ocrx_word' id='word_1_711' title='bbox 1276 1651 1339 1671; x_wconf 87' lang='lat' dir='ltr'><strong>cum</strong></span> <span class='ocrx_word' id='word_1_712' title='bbox 1354 1643 1432 1674; x_wconf 87' lang='lat' dir='ltr'><strong>fame,</strong></span> <span class='ocrx_word' id='word_1_713' title='bbox 1444 1651 1504 1670; x_wconf 80' lang='lat' dir='ltr'><strong>cuin</strong></span> <span class='ocrx_word' id='word_1_714' title='bbox 1516 1642 1620 1674; x_wconf 92' lang='lat' dir='ltr'><strong>morbo,</strong></span> <span class='ocrx_word' id='word_1_715' title='bbox 1629 1649 1689 1668; x_wconf 81' lang='lat' dir='ltr'><strong>cuin</strong></span> <span class='ocrx_word' id='word_1_716' title='bbox 1702 1640 1844 1667; x_wconf 87' lang='lat' dir='ltr'><strong>solitudine</strong></span> 
     </span>
    </p>
   </div>
   <div class='ocr_carea' id='block_1_94' title="bbox 1052 1687 1844 1725">
    <p class='ocr_par' dir='ltr' id='par_1_94' title="bbox 1052 1687 1844 1725">
     <span class='ocr_line' id='line_1_94' title="bbox 1052 1687 1844 1725; baseline -0.008 -8"><span class='ocrx_word' id='word_1_717' title='bbox 1052 1698 1101 1725; x_wconf 90' lang='lat' dir='ltr'><strong>per</strong></span> <span class='ocrx_word' id='word_1_718' title='bbox 1113 1698 1219 1717; x_wconf 89' lang='lat' dir='ltr'><strong>omnem</strong></span> <span class='ocrx_word' id='word_1_719' title='bbox 1235 1691 1316 1716; x_wconf 82' lang='lat' dir='ltr'><strong>vitam</strong></span> <span class='ocrx_word' id='word_1_720' title='bbox 1332 1689 1488 1716; x_wconf 85' lang='lat' dir='ltr'><strong>colluctatus</strong></span> <span class='ocrx_word' id='word_1_721' title='bbox 1501 1692 1552 1720; x_wconf 80' lang='lat' dir='ltr'><strong>est,</strong></span> <span class='ocrx_word' id='word_1_722' title='bbox 1565 1695 1617 1714; x_wconf 85' lang='lat' dir='ltr'><strong>non</strong></span> <span class='ocrx_word' id='word_1_723' title='bbox 1629 1687 1733 1721; x_wconf 80' lang='lat' dir='ltr'><strong>triginta</strong></span> <span class='ocrx_word' id='word_1_724' title='bbox 1747 1690 1772 1712; x_wconf 92' lang='lat' dir='ltr'><strong>ct</strong></span> <span class='ocrx_word' id='word_1_725' title='bbox 1783 1691 1844 1712; x_wconf 83' lang='lat' dir='ltr'><strong>oeto</strong></span> 
     </span>
    </p>
   </div>
   <div class='ocr_carea' id='block_1_95' title="bbox 1052 1731 1843 1768">
    <p class='ocr_par' dir='ltr' id='par_1_95' title="bbox 1052 1731 1843 1768">
     <span class='ocr_line' id='line_1_95' title="bbox 1052 1731 1843 1768; baseline -0.008 -4"><span class='ocrx_word' id='word_1_726' title='bbox 1052 1745 1138 1764; x_wconf 88' lang='lat' dir='ltr'><strong>annos</strong></span> <span class='ocrx_word' id='word_1_727' title='bbox 1159 1741 1260 1763; x_wconf 86' lang='lat' dir='ltr'><strong>tantum</strong></span> <span class='ocrx_word' id='word_1_728' title='bbox 1280 1740 1400 1763; x_wconf 86' lang='lat' dir='ltr'><strong>versatus</strong></span> <span class='ocrx_word' id='word_1_729' title='bbox 1421 1734 1446 1761; x_wconf 94' lang='lat' dir='ltr'><strong>in</strong></span> <span class='ocrx_word' id='word_1_730' title='bbox 1467 1734 1509 1761; x_wconf 90' lang='lat' dir='ltr'><strong>his</strong></span> <span class='ocrx_word' id='word_1_731' title='bbox 1523 1754 1530 1766; x_wconf 92' lang='lat'><strong>,</strong></span> <span class='ocrx_word' id='word_1_732' title='bbox 1556 1733 1602 1760; x_wconf 91' lang='lat' dir='ltr'><strong>sed</strong></span> <span class='ocrx_word' id='word_1_733' title='bbox 1625 1740 1673 1768; x_wconf 89' lang='lat' dir='ltr'><strong>per</strong></span> <span class='ocrx_word' id='word_1_734' title='bbox 1689 1739 1768 1759; x_wconf 89' lang='lat' dir='ltr'><strong>omne</strong></span> <span class='ocrx_word' id='word_1_735' title='bbox 1783 1731 1843 1758; x_wconf 73' lang='lat' dir='ltr'><strong>vita:</strong></span> 
     </span>
    </p>
   </div>
   <div class='ocr_carea' id='block_1_96' title="bbox 1053 1778 1841 1818">
    <p class='ocr_par' dir='ltr' id='par_1_96' title="bbox 1053 1778 1841 1818">
     <span class='ocr_line' id='line_1_96' title="bbox 1053 1778 1841 1818; baseline -0.008 -8"><span class='ocrx_word' id='word_1_736' title='bbox 1053 1788 1166 1818; x_wconf 77' lang='lat' dir='ltr'><strong>tempus.</strong></span> <span class='ocrx_word' id='word_1_737' title='bbox 1181 1783 1224 1810; x_wconf 88' lang='lat' dir='ltr'><strong>Sic</strong></span> <span class='ocrx_word' id='word_1_738' title='bbox 1236 1782 1315 1816; x_wconf 80' lang='lat' dir='ltr'><strong>igitur</strong></span> <span class='ocrx_word' id='word_1_739' title='bbox 1327 1785 1354 1808; x_wconf 90' lang='lat' dir='ltr'><strong>ct</strong></span> <span class='ocrx_word' id='word_1_740' title='bbox 1367 1780 1511 1815; x_wconf 71' lang='lat' dir='ltr'><strong>exspiravit</strong></span> <span class='ocrx_word' id='word_1_741' title='bbox 1526 1780 1551 1806; x_wconf 94' lang='lat' dir='ltr'><strong>in</strong></span> <span class='ocrx_word' id='word_1_742' title='bbox 1564 1779 1653 1806; x_wconf 87' lang='lat' dir='ltr'><strong>divitis</strong></span> <span class='ocrx_word' id='word_1_743' title='bbox 1663 1778 1841 1812; x_wconf 82' lang='lat' dir='ltr'><strong>ostiojacens,</strong></span> 
     </span>
    </p>
   </div>
   <div class='ocr_carea' id='block_1_97' title="bbox 1053 1822 1842 1862">
    <p class='ocr_par' dir='ltr' id='par_1_97' title="bbox 1053 1822 1842 1862">
     <span class='ocr_line' id='line_1_97' title="bbox 1053 1822 1842 1862; baseline -0.01 -6"><span class='ocrx_word' id='word_1_744' title='bbox 1053 1833 1231 1862; x_wconf 84' lang='lat' dir='ltr'><strong>contemptus,</strong></span> <span class='ocrx_word' id='word_1_745' title='bbox 1241 1827 1344 1859; x_wconf 82' lang='lat' dir='ltr'><strong>irrisus,</strong></span> <span class='ocrx_word' id='word_1_746' title='bbox 1360 1826 1490 1858; x_wconf 89' lang='lat' dir='ltr'><strong>esuriens,</strong></span> <span class='ocrx_word' id='word_1_747' title='bbox 1505 1825 1614 1852; x_wconf 90' lang='lat' dir='ltr'><strong>canibus</strong></span> <span class='ocrx_word' id='word_1_748' title='bbox 1628 1823 1747 1858; x_wconf 86' lang='lat' dir='ltr'><strong>objectus</strong></span> <span class='ocrx_word' id='word_1_749' title='bbox 1759 1822 1842 1857; x_wconf 86' lang='lat' dir='ltr'><strong>pabu-</strong></span> 
     </span>
    </p>
   </div>
   <div class='ocr_carea' id='block_1_98' title="bbox 1053 1870 1842 1910">
    <p class='ocr_par' dir='ltr' id='par_1_98' title="bbox 1053 1870 1842 1910">
     <span class='ocr_line' id='line_1_98' title="bbox 1053 1870 1842 1910; baseline -0.01 -8"><span class='ocrx_word' id='word_1_750' title='bbox 1053 1876 1107 1903; x_wconf 88' lang='lat' dir='ltr'><strong>lum</strong></span> <span class='ocrx_word' id='word_1_751' title='bbox 1122 1874 1195 1910; x_wconf 75' lang='lat' dir='ltr'><strong>(Luc.</strong></span> <span class='ocrx_word' id='word_1_752' title='bbox 1211 1874 1266 1909; x_wconf 84' lang='grc'><strong>16).</strong></span> <span class='ocrx_word' id='word_1_753' title='bbox 1278 1873 1322 1900; x_wconf 88' lang='lat' dir='ltr'><strong>Sic</strong></span> <span class='ocrx_word' id='word_1_754' title='bbox 1329 1873 1401 1900; x_wconf 91' lang='lat' dir='ltr'><strong>enim</strong></span> <span class='ocrx_word' id='word_1_755' title='bbox 1411 1872 1480 1899; x_wconf 88' lang='lat' dir='ltr'><strong>illius</strong></span> <span class='ocrx_word' id='word_1_756' title='bbox 1491 1878 1588 1905; x_wconf 91' lang='lat' dir='ltr'><strong>corpus</strong></span> <span class='ocrx_word' id='word_1_757' title='bbox 1599 1870 1764 1897; x_wconf 87' lang='lat' dir='ltr'><strong>debilitatum</strong></span> <span class='ocrx_word' id='word_1_758' title='bbox 1775 1872 1842 1900; x_wconf 87' lang='lat' dir='ltr'><strong>erat,</strong></span> 
     </span>
    </p>
   </div>
   <div class='ocr_carea' id='block_1_99' title="bbox 1052 1915 1843 1951">
    <p class='ocr_par' dir='ltr' id='par_1_99' title="bbox 1052 1915 1843 1951">
     <span class='ocr_line' id='line_1_99' title="bbox 1052 1915 1843 1951; baseline -0.01 -3"><span class='ocrx_word' id='word_1_759' title='bbox 1052 1926 1082 1948; x_wconf 94' lang='lat' dir='ltr'><strong>ut</strong></span> <span class='ocrx_word' id='word_1_760' title='bbox 1106 1928 1156 1948; x_wconf 85' lang='lat' dir='ltr'><strong>nec</strong></span> <span class='ocrx_word' id='word_1_761' title='bbox 1184 1926 1264 1948; x_wconf 88' lang='lat' dir='ltr'><strong>canes</strong></span> <span class='ocrx_word' id='word_1_762' title='bbox 1289 1919 1422 1946; x_wconf 87' lang='lat' dir='ltr'><strong>irruentes</strong></span> <span class='ocrx_word' id='word_1_763' title='bbox 1448 1917 1592 1951; x_wconf 85' lang='lat' dir='ltr'><strong>ulceraque</strong></span> <span class='ocrx_word' id='word_1_764' title='bbox 1618 1915 1688 1942; x_wconf 90' lang='lat' dir='ltr'><strong>illius</strong></span> <span class='ocrx_word' id='word_1_765' title='bbox 1714 1915 1843 1949; x_wconf 76' lang='lat' dir='ltr'><strong>lingentes</strong></span> 
     </span>
    </p>
   </div>
   <div class='ocr_carea' id='block_1_100' title="bbox 1052 1961 1842 2008">
    <p class='ocr_par' dir='ltr' id='par_1_100' title="bbox 1052 1961 1842 2008">
     <span class='ocr_line' id='line_1_100' title="bbox 1052 1961 1842 2008; baseline -0.01 -14"><span class='ocrx_word' id='word_1_766' title='bbox 1052 1971 1144 2002; x_wconf 84' lang='lat' dir='ltr'><strong>posset</strong></span> <span class='ocrx_word' id='word_1_767' title='bbox 1157 1965 1273 2000; x_wconf 79' lang='lat' dir='ltr'><strong>abigere.</strong></span> <span class='ocrx_word' id='word_1_768' title='bbox 1289 1964 1363 1992; x_wconf 88' lang='lat' dir='ltr'><strong>Haud</strong></span> <span class='ocrx_word' id='word_1_769' title='bbox 1379 1968 1468 2008; x_wconf 72' lang='lat' dir='ltr'><strong>tamen</strong></span> <span class='ocrx_word' id='word_1_770' title='bbox 1482 1961 1618 1998; x_wconf 74' lang='lat' dir='ltr'><strong>qurerebat</strong></span> <span class='ocrx_word' id='word_1_771' title='bbox 1634 1961 1842 1993; x_wconf 85' lang='lat' dir='ltr'><strong>incantatorem,</strong></span> 
     </span>
    </p>
   </div>
   <div class='ocr_carea' id='block_1_101' title="bbox 1053 2005 1842 2047">
    <p class='ocr_par' dir='ltr' id='par_1_101' title="bbox 1053 2005 1842 2047">
     <span class='ocr_line' id='line_1_101' title="bbox 1053 2005 1842 2047; baseline -0.011 -7"><span class='ocrx_word' id='word_1_772' title='bbox 1053 2020 1107 2040; x_wconf 94' lang='lat' dir='ltr'><strong>non</strong></span> <span class='ocrx_word' id='word_1_773' title='bbox 1120 2011 1206 2047; x_wconf 85' lang='lat' dir='ltr'><strong>petala</strong></span> <span class='ocrx_word' id='word_1_774' title='bbox 1219 2010 1419 2044; x_wconf 76' lang='lat' dir='ltr'><strong>circumligavit,</strong></span> <span class='ocrx_word' id='word_1_775' title='bbox 1429 2005 1481 2036; x_wconf 84' lang='lat' dir='ltr'><strong>non</strong></span> <span class='ocrx_word' id='word_1_776' title='bbox 1492 2012 1618 2042; x_wconf 90' lang='lat' dir='ltr'><strong>expertus</strong></span> <span class='ocrx_word' id='word_1_777' title='bbox 1628 2010 1670 2034; x_wconf 88' lang='lat' dir='ltr'><strong>est</strong></span> <span class='ocrx_word' id='word_1_778' title='bbox 1683 2005 1842 2040; x_wconf 72' lang='lat' dir='ltr'><strong>praestigias,</strong></span> 
     </span>
    </p>
   </div>
   <div class='ocr_carea' id='block_1_102' title="bbox 1053 2053 1843 2088">
    <p class='ocr_par' dir='ltr' id='par_1_102' title="bbox 1053 2053 1843 2088">
     <span class='ocr_line' id='line_1_102' title="bbox 1053 2053 1843 2088; baseline -0.01 -2"><span class='ocrx_word' id='word_1_779' title='bbox 1053 2067 1106 2086; x_wconf 92' lang='lat' dir='ltr'><strong>non</strong></span> <span class='ocrx_word' id='word_1_780' title='bbox 1120 2057 1253 2085; x_wconf 85' lang='lat' dir='ltr'><strong>veneficos</strong></span> <span class='ocrx_word' id='word_1_781' title='bbox 1265 2057 1299 2084; x_wconf 84' lang='lat' dir='ltr'><strong>ad</strong></span> <span class='ocrx_word' id='word_1_782' title='bbox 1313 2064 1342 2084; x_wconf 88' lang='lat' dir='ltr'><strong>se</strong></span> <span class='ocrx_word' id='word_1_783' title='bbox 1357 2056 1474 2088; x_wconf 86' lang='lat' dir='ltr'><strong>vocavit,</strong></span> <span class='ocrx_word' id='word_1_784' title='bbox 1491 2062 1540 2082; x_wconf 90' lang='lat' dir='ltr'><strong>nec</strong></span> <span class='ocrx_word' id='word_1_785' title='bbox 1552 2053 1622 2081; x_wconf 88' lang='lat' dir='ltr'><strong>aliud</strong></span> <span class='ocrx_word' id='word_1_786' title='bbox 1635 2053 1778 2088; x_wconf 88' lang='lat' dir='ltr'><strong>quidquam</strong></span> <span class='ocrx_word' id='word_1_787' title='bbox 1794 2059 1843 2079; x_wconf 89' lang='lat' dir='ltr'><strong>ve-</strong></span> 
     </span>
    </p>
   </div>
   <div class='ocr_carea' id='block_1_103' title="bbox 1052 2097 1842 2136">
    <p class='ocr_par' dir='ltr' id='par_1_103' title="bbox 1052 2097 1842 2136">
     <span class='ocr_line' id='line_1_103' title="bbox 1052 2097 1842 2136; baseline -0.009 -5"><span class='ocrx_word' id='word_1_788' title='bbox 1052 2105 1159 2132; x_wconf 87' lang='lat' dir='ltr'><strong>titarum</strong></span> <span class='ocrx_word' id='word_1_789' title='bbox 1179 2104 1274 2130; x_wconf 90' lang='lat' dir='ltr'><strong>artium</strong></span> <span class='ocrx_word' id='word_1_790' title='bbox 1288 2102 1414 2135; x_wconf 81' lang='lat' dir='ltr'><strong>tentavit,</strong></span> <span class='ocrx_word' id='word_1_791' title='bbox 1431 2101 1476 2129; x_wconf 85' lang='lat' dir='ltr'><strong>sed</strong></span> <span class='ocrx_word' id='word_1_792' title='bbox 1488 2101 1561 2136; x_wconf 90' lang='lat' dir='ltr'><strong>prius</strong></span> <span class='ocrx_word' id='word_1_793' title='bbox 1571 2099 1662 2126; x_wconf 83' lang='lat' dir='ltr'><strong>habuit</strong></span> <span class='ocrx_word' id='word_1_794' title='bbox 1674 2099 1725 2126; x_wconf 90' lang='lat' dir='ltr'><strong>illis</strong></span> <span class='ocrx_word' id='word_1_795' title='bbox 1739 2097 1842 2125; x_wconf 88' lang='lat' dir='ltr'><strong>immori</strong></span> 
     </span>
    </p>
   </div>
   <div class='ocr_carea' id='block_1_104' title="bbox 1053 2143 1841 2184">
    <p class='ocr_par' dir='ltr' id='par_1_104' title="bbox 1053 2143 1841 2184">
     <span class='ocr_line' id='line_1_104' title="bbox 1053 2143 1841 2184; baseline -0.01 -7"><span class='ocrx_word' id='word_1_796' title='bbox 1053 2150 1141 2181; x_wconf 86' lang='lat' dir='ltr'><strong>malis,</strong></span> <span class='ocrx_word' id='word_1_797' title='bbox 1154 2157 1233 2184; x_wconf 86' lang='lat' dir='ltr'><strong>quam</strong></span> <span class='ocrx_word' id='word_1_798' title='bbox 1248 2148 1301 2175; x_wconf 87' lang='lat' dir='ltr'><strong>ulla</strong></span> <span class='ocrx_word' id='word_1_799' title='bbox 1322 2155 1354 2175; x_wconf 85' lang='lat' dir='ltr'><strong>ex</strong></span> <span class='ocrx_word' id='word_1_800' title='bbox 1369 2151 1450 2182; x_wconf 72' lang='lat' dir='ltr'><strong>parte</strong></span> <span class='ocrx_word' id='word_1_801' title='bbox 1470 2146 1595 2173; x_wconf 84' lang='lat' dir='ltr'><strong>deserere</strong></span> <span class='ocrx_word' id='word_1_802' title='bbox 1608 2144 1745 2179; x_wconf 88' lang='lat' dir='ltr'><strong>pietatem.</strong></span> <span class='ocrx_word' id='word_1_803' title='bbox 1758 2143 1841 2176; x_wconf 83' lang='lat' dir='ltr'><strong>Quam</strong></span> 
     </span>
    </p>
   </div>
   <div class='ocr_carea' id='block_1_105' title="bbox 1053 2190 1841 2231">
    <p class='ocr_par' dir='ltr' id='par_1_105' title="bbox 1053 2190 1841 2231">
     <span class='ocr_line' id='line_1_105' title="bbox 1053 2190 1841 2231; baseline -0.01 -7"><span class='ocrx_word' id='word_1_804' title='bbox 1053 2197 1131 2231; x_wconf 78' lang='lat' dir='ltr'><strong>igitur</strong></span> <span class='ocrx_word' id='word_1_805' title='bbox 1142 2196 1245 2223; x_wconf 87' lang='lat' dir='ltr'><strong>veniam</strong></span> <span class='ocrx_word' id='word_1_806' title='bbox 1257 2202 1305 2222; x_wconf 90' lang='lat' dir='ltr'><strong>nos</strong></span> <span class='ocrx_word' id='word_1_807' title='bbox 1315 2193 1525 2230; x_wconf 86' lang='lat' dir='ltr'><strong>impetrabimus,</strong></span> <span class='ocrx_word' id='word_1_808' title='bbox 1536 2192 1591 2227; x_wconf 85' lang='lat' dir='ltr'><strong>qui,</strong></span> <span class='ocrx_word' id='word_1_809' title='bbox 1601 2199 1660 2218; x_wconf 92' lang='lat' dir='ltr'><strong>cum</strong></span> <span class='ocrx_word' id='word_1_810' title='bbox 1673 2191 1709 2218; x_wconf 89' lang='lat' dir='ltr'><strong>illi</strong></span> <span class='ocrx_word' id='word_1_811' title='bbox 1721 2190 1746 2217; x_wconf 95' lang='lat' dir='ltr'><strong>in</strong></span> <span class='ocrx_word' id='word_1_812' title='bbox 1762 2190 1841 2217; x_wconf 71' lang='lat' dir='ltr'><strong>tantis</strong></span> 
     </span>
    </p>
   </div>
   <div class='ocr_carea' id='block_1_106' title="bbox 1053 2236 1843 2277">
    <p class='ocr_par' dir='ltr' id='par_1_106' title="bbox 1053 2236 1843 2277">
     <span class='ocr_line' id='line_1_106' title="bbox 1053 2236 1843 2277; baseline -0.01 -7"><span class='ocrx_word' id='word_1_813' title='bbox 1053 2243 1131 2271; x_wconf 85' lang='lat' dir='ltr'><strong>malis</strong></span> <span class='ocrx_word' id='word_1_814' title='bbox 1151 2242 1335 2277; x_wconf 88' lang='lat' dir='ltr'><strong>pcrdurarint,</strong></span> <span class='ocrx_word' id='word_1_815' title='bbox 1360 2240 1394 2268; x_wconf 94' lang='lat' dir='ltr'><strong>ob</strong></span> <span class='ocrx_word' id='word_1_816' title='bbox 1415 2239 1580 2271; x_wconf 83' lang='lat' dir='ltr'><strong>febriculam,</strong></span> <span class='ocrx_word' id='word_1_817' title='bbox 1605 2242 1650 2265; x_wconf 89' lang='lat' dir='ltr'><strong>aut</strong></span> <span class='ocrx_word' id='word_1_818' title='bbox 1676 2237 1734 2264; x_wconf 88' lang='lat' dir='ltr'><strong>leve</strong></span> <span class='ocrx_word' id='word_1_819' title='bbox 1748 2236 1843 2263; x_wconf 81' lang='lat' dir='ltr'><strong>vulnus</strong></span> 
     </span>
    </p>
   </div>
   <div class='ocr_carea' id='block_1_107' title="bbox 1053 2284 1842 2325">
    <p class='ocr_par' dir='ltr' id='par_1_107' title="bbox 1053 2284 1842 2325">
     <span class='ocr_line' id='line_1_107' title="bbox 1053 2284 1842 2325; baseline -0.009 -9"><span class='ocrx_word' id='word_1_820' title='bbox 1053 2289 1234 2325; x_wconf 86' lang='lat' dir='ltr'><strong>procurrimus</strong></span> <span class='ocrx_word' id='word_1_821' title='bbox 1246 2288 1278 2315; x_wconf 85' lang='lat' dir='ltr'><strong>ad</strong></span> <span class='ocrx_word' id='word_1_822' title='bbox 1294 2294 1440 2323; x_wconf 79' lang='lat' dir='ltr'><strong>synagogas</strong></span> <span class='ocrx_word' id='word_1_823' title='bbox 1452 2307 1459 2317; x_wconf 86' lang='lat'><strong>,</strong></span> <span class='ocrx_word' id='word_1_824' title='bbox 1473 2286 1622 2318; x_wconf 77' lang='lat' dir='ltr'><strong>veneficos,</strong></span> <span class='ocrx_word' id='word_1_825' title='bbox 1638 2291 1669 2311; x_wconf 86' lang='lat' dir='ltr'><strong>ac</strong></span> <span class='ocrx_word' id='word_1_826' title='bbox 1684 2284 1842 2318; x_wconf 76' lang='lat' dir='ltr'><strong>impostorel</strong></span> 
     </span>
    </p>
   </div>
   <div class='ocr_carea' id='block_1_108' title="bbox 1053 2329 1843 2366">
    <p class='ocr_par' dir='ltr' id='par_1_108' title="bbox 1053 2329 1843 2366">
     <span class='ocr_line' id='line_1_108' title="bbox 1053 2329 1843 2366; baseline -0.01 -2"><span class='ocrx_word' id='word_1_827' title='bbox 1053 2337 1079 2364; x_wconf 93' lang='lat' dir='ltr'><strong>in</strong></span> <span class='ocrx_word' id='word_1_828' title='bbox 1093 2336 1164 2364; x_wconf 84' lang='lat' dir='ltr'><strong>:edes</strong></span> <span class='ocrx_word' id='word_1_829' title='bbox 1178 2340 1282 2363; x_wconf 87' lang='lat' dir='ltr'><strong>nostras</strong></span> <span class='ocrx_word' id='word_1_830' title='bbox 1301 2333 1479 2361; x_wconf 82' lang='lat' dir='ltr'><strong>accersintus?</strong></span> <span class='ocrx_word' id='word_1_831' title='bbox 1499 2332 1555 2359; x_wconf 88' lang='lat' dir='ltr'><strong>Non</strong></span> <span class='ocrx_word' id='word_1_832' title='bbox 1578 2331 1673 2358; x_wconf 89' lang='lat' dir='ltr'><strong>audisti</strong></span> <span class='ocrx_word' id='word_1_833' title='bbox 1697 2329 1759 2366; x_wconf 93' lang='lat' dir='ltr'><strong>quid</strong></span> <span class='ocrx_word' id='word_1_834' title='bbox 1773 2330 1843 2357; x_wconf 84' lang='lat' dir='ltr'><strong>dicat</strong></span> 
     </span>
    </p>
   </div>
   <div class='ocr_carea' id='block_1_109' title="bbox 1053 2377 1842 2418">
    <p class='ocr_par' dir='ltr' id='par_1_109' title="bbox 1053 2377 1842 2418">
     <span class='ocr_line' id='line_1_109' title="bbox 1053 2377 1842 2418; baseline -0.01 -9"><span class='ocrx_word' id='word_1_835' title='bbox 1053 2382 1207 2418; x_wconf 83' lang='lat' dir='ltr'><strong>Scriptura?</strong></span> <span class='ocrx_word' id='word_1_836' title='bbox 1221 2381 1284 2413; x_wconf 75' lang='lat' dir='ltr'><strong>Fili,</strong></span> <span class='ocrx_word' id='word_1_837' title='bbox 1300 2381 1321 2407; x_wconf 84' lang='lat' dir='ltr'><strong>si</strong></span> <span class='ocrx_word' id='word_1_838' title='bbox 1333 2380 1430 2406; x_wconf 72' lang='lat' dir='ltr'><strong>accedis</strong></span> <span class='ocrx_word' id='word_1_839' title='bbox 1441 2379 1574 2406; x_wconf 76' lang='lat' dir='ltr'><strong>serriturus</strong></span> <span class='ocrx_word' id='word_1_840' title='bbox 1589 2377 1708 2410; x_wconf 89' lang='lat' dir='ltr'><strong>Domino,</strong></span> <span class='ocrx_word' id='word_1_841' title='bbox 1725 2384 1842 2412; x_wconf 75' lang='lat' dir='ltr'><strong>prwpara</strong></span> 
     </span>
    </p>
   </div>
   <div class='ocr_carea' id='block_1_110' title="bbox 1052 2423 1841 2459">
    <p class='ocr_par' dir='ltr' id='par_1_110' title="bbox 1052 2423 1841 2459">
     <span class='ocr_line' id='line_1_110' title="bbox 1052 2423 1841 2459; baseline -0.009 -5"><span class='ocrx_word' id='word_1_842' title='bbox 1052 2429 1163 2454; x_wconf 82' lang='lat' dir='ltr'><strong>animant</strong></span> <span class='ocrx_word' id='word_1_843' title='bbox 1177 2432 1245 2453; x_wconf 85' lang='lat' dir='ltr'><strong>tuom</strong></span> <span class='ocrx_word' id='word_1_844' title='bbox 1260 2426 1293 2452; x_wconf 86' lang='lat' dir='ltr'><strong>ad</strong></span> <span class='ocrx_word' id='word_1_845' title='bbox 1310 2427 1468 2452; x_wconf 70' lang='lat' dir='ltr'><strong>Mutationem</strong></span> <span class='ocrx_word' id='word_1_846' title='bbox 1480 2433 1489 2451; x_wconf 90' lang='lat'><strong><em>:</em></strong></span> <span class='ocrx_word' id='word_1_847' title='bbox 1500 2423 1580 2459; x_wconf 87' lang='lat' dir='ltr'><strong>dirige</strong></span> <span class='ocrx_word' id='word_1_848' title='bbox 1593 2431 1635 2450; x_wconf 87' lang='lat' dir='ltr'><strong>cor</strong></span> <span class='ocrx_word' id='word_1_849' title='bbox 1649 2428 1730 2454; x_wconf 88' lang='lat' dir='ltr'><strong>tuum,</strong></span> <span class='ocrx_word' id='word_1_850' title='bbox 1745 2427 1768 2448; x_wconf 87' lang='lat' dir='ltr'><strong>et</strong></span> <span class='ocrx_word' id='word_1_851' title='bbox 1782 2430 1841 2456; x_wconf 82' lang='lat' dir='ltr'><strong>per-</strong></span> 
     </span>
    </p>
   </div>
   <div class='ocr_carea' id='block_1_111' title="bbox 1053 2466 1842 2506">
    <p class='ocr_par' dir='ltr' id='par_1_111' title="bbox 1053 2466 1842 2506">
     <span class='ocr_line' id='line_1_111' title="bbox 1053 2466 1842 2506; baseline -0.01 -6"><span class='ocrx_word' id='word_1_852' title='bbox 1053 2475 1117 2500; x_wconf 86' lang='lat' dir='ltr'><strong>duro</strong></span> <span class='ocrx_word' id='word_1_853' title='bbox 1129 2482 1138 2500; x_wconf 90' lang='lat'><strong><em>:</em></strong></span> <span class='ocrx_word' id='word_1_854' title='bbox 1149 2474 1172 2499; x_wconf 83' lang='lat' dir='ltr'><strong>in</strong></span> <span class='ocrx_word' id='word_1_855' title='bbox 1189 2472 1274 2499; x_wconf 88' lang='lat' dir='ltr'><strong>morbo</strong></span> <span class='ocrx_word' id='word_1_856' title='bbox 1288 2479 1318 2497; x_wconf 78' lang='lat' dir='ltr'><strong>ac</strong></span> <span class='ocrx_word' id='word_1_857' title='bbox 1332 2475 1478 2506; x_wconf 73' lang='lat' dir='ltr'><strong>paupertate</strong></span> <span class='ocrx_word' id='word_1_858' title='bbox 1490 2470 1517 2496; x_wconf 86' lang='lat' dir='ltr'><strong>in</strong></span> <span class='ocrx_word' id='word_1_859' title='bbox 1538 2469 1582 2495; x_wconf 86' lang='lat' dir='ltr'><strong>illo</strong></span> <span class='ocrx_word' id='word_1_860' title='bbox 1595 2468 1674 2502; x_wconf 80' lang='lat' dir='ltr'><strong>ﬁdem.</strong></span> <span class='ocrx_word' id='word_1_861' title='bbox 1691 2472 1750 2494; x_wconf 82' lang='lat' dir='ltr'><strong>esto.</strong></span> <span class='ocrx_word' id='word_1_862' title='bbox 1769 2466 1842 2493; x_wconf 80' lang='lat' dir='ltr'><strong>Sicut</strong></span> 
     </span>
    </p>
   </div>
   <div class='ocr_carea' id='block_1_112' title="bbox 1052 2513 1840 2554">
    <p class='ocr_par' dir='ltr' id='par_1_112' title="bbox 1052 2513 1840 2554">
     <span class='ocr_line' id='line_1_112' title="bbox 1052 2513 1840 2554; baseline -0.01 -8"><span class='ocrx_word' id='word_1_863' title='bbox 1052 2520 1117 2547; x_wconf 82' lang='lat' dir='ltr'><strong>enim</strong></span> <span class='ocrx_word' id='word_1_864' title='bbox 1134 2520 1158 2545; x_wconf 86' lang='lat' dir='ltr'><strong>in</strong></span> <span class='ocrx_word' id='word_1_865' title='bbox 1171 2519 1224 2554; x_wconf 84' lang='lat' dir='ltr'><strong>igni</strong></span> <span class='ocrx_word' id='word_1_866' title='bbox 1244 2517 1362 2552; x_wconf 82' lang='lat' dir='ltr'><strong>probatur</strong></span> <span class='ocrx_word' id='word_1_867' title='bbox 1374 2524 1482 2548; x_wconf 84' lang='lat' dir='ltr'><strong>aurum,</strong></span> <span class='ocrx_word' id='word_1_868' title='bbox 1500 2516 1536 2542; x_wconf 81' lang='lat' dir='ltr'><strong>sic</strong></span> <span class='ocrx_word' id='word_1_869' title='bbox 1550 2515 1625 2541; x_wconf 88' lang='lat' dir='ltr'><strong>homo</strong></span> <span class='ocrx_word' id='word_1_870' title='bbox 1639 2514 1666 2547; x_wconf 80' lang='lat' dir='ltr'><strong>ﬁt</strong></span> <span class='ocrx_word' id='word_1_871' title='bbox 1681 2518 1798 2549; x_wconf 77' lang='lat' dir='ltr'><strong>acceptus</strong></span> <span class='ocrx_word' id='word_1_872' title='bbox 1813 2513 1840 2539; x_wconf 72' lang='lat' dir='ltr'><strong>in</strong></span> 
     </span>
    </p>
   </div>
   <div class='ocr_carea' id='block_1_113' title="bbox 1053 2559 1840 2599">
    <p class='ocr_par' dir='ltr' id='par_1_113' title="bbox 1053 2559 1840 2599">
     <span class='ocr_line' id='line_1_113' title="bbox 1053 2559 1840 2599; baseline -0.009 -7"><span class='ocrx_word' id='word_1_873' title='bbox 1053 2566 1151 2592; x_wconf 69' lang='lat' dir='ltr'><strong>camino</strong></span> <span class='ocrx_word' id='word_1_874' title='bbox 1173 2565 1354 2592; x_wconf 82' lang='lat' dir='ltr'><strong>Itumiliotionis</strong></span> <span class='ocrx_word' id='word_1_875' title='bbox 1377 2562 1468 2599; x_wconf 79' lang='lat' dir='ltr'><strong>(Eccli.</strong></span> <span class='ocrx_word' id='word_1_876' title='bbox 1483 2561 1510 2588; x_wconf 73' lang='grc'>2.</span> <span class='ocrx_word' id='word_1_877' title='bbox 1535 2562 1606 2595; x_wconf 79' lang='grc'><strong>1-5).</strong></span> <span class='ocrx_word' id='word_1_878' title='bbox 1628 2559 1655 2588; x_wconf 90' lang='lat' dir='ltr'><strong>Si</strong></span> <span class='ocrx_word' id='word_1_879' title='bbox 1671 2565 1698 2587; x_wconf 88' lang='lat' dir='ltr'><strong>lu</strong></span> <span class='ocrx_word' id='word_1_880' title='bbox 1714 2559 1840 2586; x_wconf 84' lang='lat' dir='ltr'><strong>famulum</strong></span> 
     </span>
    </p>
   </div>
   <div class='ocr_carea' id='block_1_114' title="bbox 1054 2605 1840 2646">
    <p class='ocr_par' dir='ltr' id='par_1_114' title="bbox 1054 2605 1840 2646">
     <span class='ocr_line' id='line_1_114' title="bbox 1054 2605 1840 2646; baseline -0.01 -8"><span class='ocrx_word' id='word_1_881' title='bbox 1054 2617 1126 2639; x_wconf 87' lang='lat' dir='ltr'><strong>ttnnn</strong></span> <span class='ocrx_word' id='word_1_882' title='bbox 1142 2611 1230 2646; x_wconf 73' lang='lat' dir='ltr'><strong>flagris</strong></span> <span class='ocrx_word' id='word_1_883' title='bbox 1251 2609 1379 2636; x_wconf 87' lang='lat' dir='ltr'><strong>cecideris</strong></span> <span class='ocrx_word' id='word_1_884' title='bbox 1392 2630 1398 2639; x_wconf 93' lang='lat'><strong>,</strong></span> <span class='ocrx_word' id='word_1_885' title='bbox 1414 2608 1511 2640; x_wconf 47' lang='lat' dir='ltr'><strong>et‘ille,</strong></span> <span class='ocrx_word' id='word_1_886' title='bbox 1529 2607 1635 2641; x_wconf 77' lang='lat' dir='ltr'><strong>triginta</strong></span> <span class='ocrx_word' id='word_1_887' title='bbox 1650 2610 1694 2633; x_wconf 84' lang='lat' dir='ltr'><strong>aut</strong></span> <span class='ocrx_word' id='word_1_888' title='bbox 1708 2605 1840 2640; x_wconf 56' lang='lat' dir='ltr'><strong>quinqua.</strong></span> 
     </span>
    </p>
   </div>
   <div class='ocr_carea' id='block_1_115' title="bbox 1052 2651 1844 2692">
    <p class='ocr_par' dir='ltr' id='par_1_115' title="bbox 1052 2651 1844 2692">
     <span class='ocr_line' id='line_1_115' title="bbox 1052 2651 1844 2692; baseline -0.009 -9"><span class='ocrx_word' id='word_1_889' title='bbox 1052 2657 1122 2692; x_wconf 78' lang='lat' dir='ltr'><strong>ginta</strong></span> <span class='ocrx_word' id='word_1_890' title='bbox 1138 2657 1220 2690; x_wconf 74' lang='lat' dir='ltr'><strong>plagis</strong></span> <span class='ocrx_word' id='word_1_891' title='bbox 1234 2655 1349 2689; x_wconf 84' lang='lat' dir='ltr'><strong>acceptis</strong></span> <span class='ocrx_word' id='word_1_892' title='bbox 1364 2675 1370 2686; x_wconf 92' lang='lat'><strong>,</strong></span> <span class='ocrx_word' id='word_1_893' title='bbox 1397 2654 1465 2680; x_wconf 86' lang='lat' dir='ltr'><strong>illico</strong></span> <span class='ocrx_word' id='word_1_894' title='bbox 1479 2656 1604 2688; x_wconf 77' lang='lat' dir='ltr'><strong>provocet</strong></span> <span class='ocrx_word' id='word_1_895' title='bbox 1620 2651 1652 2678; x_wconf 85' lang='lat' dir='ltr'><strong>ad</strong></span> <span class='ocrx_word' id='word_1_896' title='bbox 1673 2651 1821 2678; x_wconf 74' lang='lat' dir='ltr'><strong>libertatem</strong></span> <span class='ocrx_word' id='word_1_897' title='bbox 1835 2671 1844 2681; x_wconf 94' lang='lat'><strong>,</strong></span> 
     </span>
    </p>
   </div>
   <div class='ocr_carea' id='block_1_116' title="bbox 1051 2695 1841 2731">
    <p class='ocr_par' dir='ltr' id='par_1_116' title="bbox 1051 2695 1841 2731">
     <span class='ocr_line' id='line_1_116' title="bbox 1051 2695 1841 2731; baseline -0.01 -1"><span class='ocrx_word' id='word_1_898' title='bbox 1051 2708 1098 2730; x_wconf 89' lang='lat' dir='ltr'><strong>aut</strong></span> <span class='ocrx_word' id='word_1_899' title='bbox 1110 2703 1217 2729; x_wconf 81' lang='lat' dir='ltr'><strong>deserat</strong></span> <span class='ocrx_word' id='word_1_900' title='bbox 1238 2705 1311 2728; x_wconf 89' lang='lat' dir='ltr'><strong>tuum</strong></span> <span class='ocrx_word' id='word_1_901' title='bbox 1332 2700 1496 2730; x_wconf 81' lang='lat' dir='ltr'><strong>dominium,</strong></span> <span class='ocrx_word' id='word_1_902' title='bbox 1517 2704 1543 2726; x_wconf 88' lang='lat' dir='ltr'><strong>et</strong></span> <span class='ocrx_word' id='word_1_903' title='bbox 1562 2698 1594 2724; x_wconf 87' lang='lat' dir='ltr'><strong>ad</strong></span> <span class='ocrx_word' id='word_1_904' title='bbox 1614 2698 1680 2725; x_wconf 85' lang='lat' dir='ltr'><strong>alios</strong></span> <span class='ocrx_word' id='word_1_905' title='bbox 1696 2695 1841 2731; x_wconf 85' lang='lat' dir='ltr'><strong>quospiam</strong></span> 
     </span>
    </p>
   </div>
   <div class='ocr_carea' id='block_1_117' title="bbox 1052 2742 1840 2781">
    <p class='ocr_par' dir='ltr' id='par_1_117' title="bbox 1052 2742 1840 2781">
     <span class='ocr_line' id='line_1_117' title="bbox 1052 2742 1840 2781; baseline -0.01 -6"><span class='ocrx_word' id='word_1_906' title='bbox 1052 2756 1111 2775; x_wconf 88' lang='lat' dir='ltr'><strong>sese</strong></span> <span class='ocrx_word' id='word_1_907' title='bbox 1124 2747 1260 2780; x_wconf 87' lang='lat' dir='ltr'><strong>conferat,</strong></span> <span class='ocrx_word' id='word_1_908' title='bbox 1277 2746 1320 2781; x_wconf 94' lang='lat' dir='ltr'><strong>qui</strong></span> <span class='ocrx_word' id='word_1_909' title='bbox 1342 2751 1368 2772; x_wconf 90' lang='lat' dir='ltr'><strong>tc</strong></span> <span class='ocrx_word' id='word_1_910' title='bbox 1381 2745 1501 2777; x_wconf 88' lang='lat' dir='ltr'><strong>oderint,</strong></span> <span class='ocrx_word' id='word_1_911' title='bbox 1516 2751 1615 2778; x_wconf 82' lang='lat' dir='ltr'><strong>eosque</strong></span> <span class='ocrx_word' id='word_1_912' title='bbox 1628 2743 1652 2769; x_wconf 92' lang='lat' dir='ltr'><strong>in</strong></span> <span class='ocrx_word' id='word_1_913' title='bbox 1667 2747 1693 2769; x_wconf 90' lang='lat' dir='ltr'><strong>te</strong></span> <span class='ocrx_word' id='word_1_914' title='bbox 1703 2742 1840 2769; x_wconf 85' lang='lat' dir='ltr'><strong>concitet:</strong></span> 
     </span>
    </p>
   </div>
   <div class='ocr_carea' id='block_1_118' title="bbox 1053 2788 1842 2828">
    <p class='ocr_par' dir='ltr' id='par_1_118' title="bbox 1053 2788 1842 2828">
     <span class='ocr_line' id='line_1_118' title="bbox 1053 2788 1842 2828; baseline -0.013 -4"><span class='ocrx_word' id='word_1_915' title='bbox 1053 2797 1096 2824; x_wconf 91' lang='lat' dir='ltr'><strong>die</strong></span> <span class='ocrx_word' id='word_1_916' title='bbox 1109 2796 1181 2828; x_wconf 91' lang='lat' dir='ltr'><strong>mihi,</strong></span> <span class='ocrx_word' id='word_1_917' title='bbox 1199 2803 1261 2823; x_wconf 91' lang='lat' dir='ltr'><strong>num</strong></span> <span class='ocrx_word' id='word_1_918' title='bbox 1275 2794 1298 2822; x_wconf 86' lang='lat' dir='ltr'><strong>is</strong></span> <span class='ocrx_word' id='word_1_919' title='bbox 1311 2795 1358 2822; x_wconf 87' lang='lat' dir='ltr'><strong>abs</strong></span> <span class='ocrx_word' id='word_1_920' title='bbox 1373 2798 1398 2821; x_wconf 91' lang='lat' dir='ltr'><strong>te</strong></span> <span class='ocrx_word' id='word_1_921' title='bbox 1409 2792 1512 2820; x_wconf 83' lang='lat' dir='ltr'><strong>veniant</strong></span> <span class='ocrx_word' id='word_1_922' title='bbox 1527 2791 1715 2826; x_wconf 81' lang='lat' dir='ltr'><strong>impetraturus</strong></span> <span class='ocrx_word' id='word_1_923' title='bbox 1727 2789 1783 2816; x_wconf 86' lang='lat' dir='ltr'><strong>sit?</strong></span> <span class='ocrx_word' id='word_1_924' title='bbox 1798 2788 1842 2815; x_wconf 84' lang='lat' dir='ltr'><strong>An</strong></span> 
     </span>
    </p>
   </div>
   <div class='ocr_carea' id='block_1_119' title="bbox 1052 2834 1840 2877">
    <p class='ocr_par' dir='ltr' id='par_1_119' title="bbox 1052 2834 1840 2877">
     <span class='ocr_line' id='line_1_119' title="bbox 1052 2834 1840 2877; baseline -0.014 -8"><span class='ocrx_word' id='word_1_925' title='bbox 1052 2842 1192 2877; x_wconf 89' lang='lat' dir='ltr'><strong>quisquam</strong></span> <span class='ocrx_word' id='word_1_926' title='bbox 1204 2847 1251 2874; x_wconf 89' lang='lat' dir='ltr'><strong>pro</strong></span> <span class='ocrx_word' id='word_1_927' title='bbox 1263 2839 1308 2866; x_wconf 92' lang='lat' dir='ltr'><strong>illo</strong></span> <span class='ocrx_word' id='word_1_928' title='bbox 1319 2838 1416 2874; x_wconf 85' lang='lat' dir='ltr'><strong>poterit</strong></span> <span class='ocrx_word' id='word_1_929' title='bbox 1425 2844 1485 2864; x_wconf 89' lang='lat' dir='ltr'><strong>esse</strong></span> <span class='ocrx_word' id='word_1_930' title='bbox 1497 2835 1642 2871; x_wconf 87' lang='lat' dir='ltr'><strong>patronus?</strong></span> <span class='ocrx_word' id='word_1_931' title='bbox 1656 2834 1840 2868; x_wconf 84' lang='lat' dir='ltr'><strong>Nequaquam.</strong></span> 
     </span>
    </p>
   </div>
   <div class='ocr_carea' id='block_1_120' title="bbox 1054 2879 1839 2919">
    <p class='ocr_par' dir='ltr' id='par_1_120' title="bbox 1054 2879 1839 2919">
     <span class='ocr_line' id='line_1_120' title="bbox 1054 2879 1839 2919; baseline -0.014 -3"><span class='ocrx_word' id='word_1_932' title='bbox 1054 2887 1108 2916; x_wconf 89' lang='lat' dir='ltr'><strong>Cur</strong></span> <span class='ocrx_word' id='word_1_933' title='bbox 1121 2888 1155 2915; x_wconf 89' lang='lat' dir='ltr'><strong>ita</strong></span> <span class='ocrx_word' id='word_1_934' title='bbox 1169 2885 1294 2914; x_wconf 84' lang='lat' dir='ltr'><strong>tandem?</strong></span> <span class='ocrx_word' id='word_1_935' title='bbox 1314 2885 1445 2919; x_wconf 84' lang='lat' dir='ltr'><strong>Quoniam</strong></span> <span class='ocrx_word' id='word_1_936' title='bbox 1468 2882 1583 2911; x_wconf 81' lang='lat' dir='ltr'><strong>ofﬁcium</strong></span> <span class='ocrx_word' id='word_1_937' title='bbox 1603 2885 1644 2909; x_wconf 84' lang='lat' dir='ltr'><strong>est</strong></span> <span class='ocrx_word' id='word_1_938' title='bbox 1662 2880 1727 2913; x_wconf 82' lang='lat' dir='ltr'><strong>heri,</strong></span> <span class='ocrx_word' id='word_1_939' title='bbox 1744 2879 1839 2915; x_wconf 86' lang='lat' dir='ltr'><strong>punire</strong></span> 
     </span>
    </p>
   </div>
  </div>
