2045 3116
189 113 241 141 937

191 170 328 198 famulum.
349 169 408 197 Non
427 169 462 198 ob
478 169 505 197 id
521 172 622 197 tantum
635 190 643 199 .
659 177 750 198 verum
764 172 843 199 etiam
857 171 891 199 ob
905 171 970 203 ltoe,

191 216 271 251 qttod,
294 217 316 244 si
339 216 489 252 fugiendum
511 221 579 250 erat,
602 224 654 244 tton
676 217 709 244 ad
730 217 820 244 hostes
838 221 866 244 et
883 225 975 244 osores

191 262 289 289 domini
303 262 397 297 prioris
409 262 547 297 oportebat
559 261 660 298 fugere,
676 262 722 290 sed
736 263 768 290 ad
778 263 877 290 amicos
890 268 917 290 et
930 270 975 290 eo-

189 312 293 343 gnatos.

227 353 380 380 Sanctorum
407 352 551 388 Martyrum
573 352 697 380 inuam-alio
723 357 747 380 et
771 352 924 379 intercessio.
940 366 977 372 -—

192 398 306 426 Proinde
328 402 355 426 tu
376 405 481 433 quoque
493 418 500 431 ,
522 398 545 425 si
564 398 662 425 videris
677 402 702 425 te
716 397 801 433 puttiri
817 405 831 424 a
847 398 902 424 Deo
913 418 919 429 ,
943 404 976 425 ne

192 443 324 478 profugias
337 442 370 470 ad
392 443 448 478 ejus
462 442 583 470 inimicos
602 443 725 476 Judmos,
748 451 782 470 ne
800 443 883 477 magis
896 442 976 470 etiam

192 489 265 516 illum
280 488 305 516 in
320 492 345 515 te
357 495 502 523 provoces:
515 488 561 515 sed
585 488 617 515 ad
640 488 740 516 amicos
753 488 833 520 illius,
848 491 977 523 martyres

192 543 223 562 ac
237 539 361 568 sanctos,
377 535 421 569 qui
436 534 472 561 illi
492 534 663 569 placuerunt,
677 535 773 569 quique
787 534 896 561 multam
909 533 978 568 apud

193 581 265 608 illutn
280 581 377 608 habent
389 580 582 608 auctoritatem.
591 580 642 608 Sed
655 581 717 615 quid
729 581 821 615 loquor
829 580 862 607 de
873 580 979 607 famulis

193 630 219 653 et
237 625 326 653 heris?
342 625 425 653 Filius
444 634 497 653 non
509 626 606 662 poterit
620 626 671 654 hoc
684 626 786 657 facere,
806 626 949 660 castigatus
963 632 978 651 a

195 675 279 706 patre,
296 678 346 698 nec
365 671 494 706 abnegare
509 672 693 706 cognationem
706 677 807 706 .‘quam
824 669 903 697 habet
919 677 979 697 cuin

196 721 279 750 patre.
301 716 366 743 Nam
380 720 407 744 et
419 721 519 743 naturae
533 717 621 751 leges,
645 720 671 743 et
691 716 762 750 leges
776 715 809 742 ab
828 714 980 742 hominibus

195 760 329 793 institutae,
343 761 446 788 etiamsi
461 761 550 796 ﬂagris
565 761 648 788 caedat
663 766 746 795 pater,
761 760 782 787 si
796 768 809 787 a
826 767 917 788 mettsa
931 759 979 786 de-

196 806 287 840 pellat,
302 807 324 833 si
335 806 436 833 aedibus
450 807 547 841 exigat,
567 806 589 833 si
604 814 768 842 quocumque
782 806 860 833 modo
875 807 981 840 pnttiat,

193 851 287 886 jubettt
301 852 389 879 omnia
410 851 513 879 fortiter
527 853 646 887 perpeti,
670 860 719 880 nec
731 853 810 879 ullam
825 852 861 878 illi
878 852 981 879 veniam

196 897 361 930 concedunt,
381 897 408 924 ni
422 897 537 931 paruerit
552 897 751 932 pertuleritque.
775 898 843 930 Quin
865 898 944 924 etiam
959 897 982 924 si

197 942 267 970 filius
279 950 364 971 catsus
376 943 528 971 innumeras
543 944 722 978 querimonias
736 944 879 980 deplorans
894 943 982 979 profe-

197 992 248 1021 rat,
263 987 320 1015 haec
335 989 413 1024 verba
427 988 501 1016 audit
514 989 546 1016 ab
557 989 679 1017 omnibus
692 998 700 1018 :
713 996 787 1025 pater
798 996 837 1017 est
848 990 893 1025 qui
912 990 983 1017 ceci-

197 1033 236 1061 dit
247 1041 278 1061 ac
291 1033 423 1067 dominus,
446 1034 577 1070 habetque
595 1041 753 1070 potestatem
768 1036 793 1062 in
810 1040 835 1063 te
848 1035 917 1070 quod
931 1035 986 1062 vult

197 1078 321 1119 faciendi,
336 1083 363 1106 et
376 1084 481 1114 oportet
495 1080 583 1107 omnia
598 1082 701 1117 placide
714 1082 794 1109 ferre.
810 1081 880 1116 Ergo
894 1080 985 1107 fatttuli

198 1124 302 1160 quidem
322 1125 409 1152 ferunt
430 1126 570 1159 dominos,
595 1127 644 1155 filii
672 1132 810 1163 parentes,
836 1127 986 1162 frequenter

197 1175 224 1199 ct
246 1176 343 1206 praeter
360 1180 464 1207 acquum
487 1172 645 1207 punientes;
672 1179 698 1201 tu
714 1181 776 1201 vero
795 1180 847 1200 non
872 1172 986 1199 sustines

197 1217 281 1244 Deum
304 1222 329 1244 te
343 1218 550 1252 corripientem,
575 1221 620 1255 qui
643 1220 701 1255 plus
724 1220 804 1247 habet
824 1219 890 1246 inte
901 1218 985 1253 juris,

198 1266 289 1297 utpote
302 1270 363 1290 vere
377 1262 514 1296 dominus;
538 1267 582 1298 qui
600 1266 658 1300 plus
673 1271 697 1293 te
712 1265 798 1300 diligit
809 1273 887 1300 quam
902 1268 986 1299 pater,

198 1308 296 1343 quique
310 1308 374 1335 nihil
391 1317 436 1342 per
448 1309 624 1345 iracundiam,
639 1312 684 1338 sed
698 1311 786 1338 omnia
801 1311 862 1338 facit
875 1311 901 1338 in
917 1315 987 1337 luant

199 1353 357 1381 utilitatem?
369 1354 421 1382 Sed
434 1355 455 1382 si
467 1354 532 1382 levis
545 1357 640 1392 aliquis
651 1357 760 1384 morbus
770 1356 907 1388 acciderit,
917 1356 988 1383 illico

199 1399 321 1426 resiliens
334 1400 366 1426 ab
381 1399 449 1427 illius
463 1400 583 1430 dominio
595 1424 602 1436 ,
623 1402 656 1430 ad
667 1402 801 1430 daemones
816 1402 932 1430 accurris
942 1423 949 1435 ,
963 1406 990 1428 et

200 1444 233 1471 ad
257 1452 403 1480 synagogas
427 1445 576 1480 confugis?
596 1448 630 1475 Et
647 1456 725 1483 quant
753 1447 859 1475 tandem
885 1447 988 1474 veniam

200 1492 387 1527 consequeris?
400 1493 458 1526 Quo
472 1499 550 1528 pacto
567 1496 668 1523 valebis
681 1496 754 1522 illum
767 1495 854 1523 denuo
867 1495 914 1522 tibi
931 1501 991 1529 pro-

201 1537 292 1572 pititnn
309 1537 440 1565 reddere?
455 1538 524 1572 Quin
539 1541 630 1574 potius
643 1548 693 1568 nec
706 1541 774 1568 alius
789 1540 927 1576 quisquam
943 1547 990 1574 pro

202 1587 227 1610 te
240 1583 377 1618 deprecari
393 1585 499 1618 poterit,
524 1587 632 1615 etiamsi
651 1590 753 1614 tantum
768 1586 856 1614 valeat
875 1585 991 1612 auctori-

202 1638 254 1660 tate
266 1652 272 1664 ,
287 1637 413 1666 quantum
425 1631 522 1658 llloses.
538 1630 595 1657 Non
609 1634 666 1664 est,
678 1630 722 1664 qui
735 1630 783 1656 hoc
799 1630 885 1657 facere
898 1630 992 1665 possit.

202 1679 257 1705 Non
269 1678 343 1704 audis
354 1677 416 1712 quid
429 1677 497 1703 Deus
506 1676 628 1710 loquatur
640 1675 671 1702 ad
683 1675 823 1702 Jeremiam
835 1675 993 1702 deJudxeis?

203 1724 243 1751 Ne
264 1723 403 1758 depreceris
426 1730 471 1757 pro
495 1721 590 1756 populo
609 1721 674 1753 isto,
700 1720 818 1755 quoniam
841 1721 864 1747 si
881 1721 993 1747 steterint

203 1771 286 1797 Muses
300 1775 321 1796 et
337 1769 452 1799 Suntne],
471 1777 521 1794 non
535 1767 668 1794 exaudiam
688 1767 745 1793 illos
761 1765 833 1802 (Jer.
850 1767 876 1793 7.
902 1766 944 1794 16.
970 1773 993 1793 et

204 1817 265 1844 15.1
279 1816 297 1848 ).
314 1815 387 1842 Adeo
402 1819 463 1841 sunt
477 1818 583 1847 peccata
594 1820 700 1839 omnem
714 1812 897 1839 remissionem
912 1819 992 1847 snpe-

203 1863 297 1894 rantia,
311 1869 422 1895 quzeque
433 1859 529 1886 ttullattt
541 1858 668 1892 recipiant
680 1858 887 1885 excusationem.
905 1858 994 1892 Itaque

203 1918 236 1936 ne
251 1912 349 1935 tantatn
364 1914 412 1933 nos
426 1912 600 1940 provocemus
626 1904 701 1930 iram.
727 1903 838 1930 Etiamsi
858 1903 927 1930 enim
951 1903 993 1930 vi-

202 1955 314 1981 (leantur
340 1952 419 1986 aliqui
448 1950 549 1978 febrem
577 1949 779 1976 incantamentis
808 1948 916 1982 sedare,
940 1956 992 1975 non

202 2000 273 2028 cnim
294 2006 358 2026 vere
379 1998 495 2025 sedant:
513 2000 600 2022 tamen
615 1994 692 2021 aliam
715 1993 940 2021 vehementiorem
966 1994 992 2021 in

206 2046 394 2075 conscientiam
418 2044 545 2072 inducunt
564 2043 673 2075 febrem,
702 2042 805 2068 ratione
826 2040 944 2076 quotidie
968 2045 993 2068 te

207 2093 378 2124 stimulante,
401 2091 617 2125 conscientiaque
640 2088 790 2125 ﬂagellanle
812 2096 844 2115 ac
867 2088 990 2115 dicente:

207 2139 287 2173 impie
313 2138 415 2170 fecisti,
444 2137 532 2171 inique
563 2136 658 2171 egisti,
690 2135 793 2162 violasti
818 2134 905 2162 foedus
932 2141 993 2161 eum

206 2185 330 2217 Christo;
350 2183 384 2211 ob
404 2183 539 2218 paululum
562 2182 681 2210 adversm
696 2181 854 2209 valetudinis
868 2182 992 2216 pietatem

208 2230 357 2258 deseruisti.
371 2229 438 2256 Num
453 2233 480 2256 tu
493 2228 564 2255 solus
587 2227 644 2254 [nec
658 2234 750 2262 passus
765 2227 811 2253 es?
837 2227 932 2253 Annon
948 2226 994 2253 alii

208 2277 290 2303 multo
306 2283 385 2310 quam
398 2279 426 2302 tu
438 2275 574 2302 acerbiora
589 2274 658 2308 passi
674 2273 751 2300 sunt?
767 2273 890 2300 Attamen
905 2272 993 2299 nullus

208 2321 312 2349 illorum
328 2321 379 2348 tale
392 2320 453 2356 quid
469 2327 549 2347 ausus
561 2340 567 2352 ,
584 2323 611 2346 tu
624 2326 687 2345 vero
701 2318 788 2345 mollis
806 2326 836 2345 ac
850 2317 995 2345 dissolutus

209 2367 323 2394 animam
334 2372 403 2394 tuatn
415 2366 545 2394 mactasti.
556 2365 694 2399 Quomodo
702 2364 869 2392 excusahcris
878 2364 994 2392 Christo?

210 2412 345 2446 Quomodo
356 2412 430 2439 illum
444 2412 598 2446 implorabis
613 2411 753 2446 precibus?
764 2411 819 2444 Qua
832 2410 993 2438 conscientia

210 2456 320 2491 postltae
333 2457 488 2491 ingredieris
502 2457 666 2484 Ecclesiant?
678 2456 779 2490 Quibus
796 2456 880 2483 oculis
893 2455 994 2482 videbis

211 2502 394 2529 sacerdotem?
416 2503 473 2536 Qua
496 2510 573 2529 manu
596 2510 699 2529 sacrant
722 2502 836 2536 attinges
855 2502 995 2528 mensam?

210 2547 311 2580 Quibus
325 2547 431 2574 auribus
447 2547 537 2574 audies
550 2548 701 2582 Scripturas
715 2556 773 2583 ane
787 2548 841 2575 illic
857 2548 995 2583 leguntur?

247 2594 273 2621 7.
284 2594 470 2621 Ineantationes
486 2599 508 2621 et
525 2594 644 2630 ligamina
661 2595 687 2622 in
698 2595 789 2622 morbis
806 2603 855 2621 non
873 2595 995 2621 adhiben-

212 2641 255 2668 da.
271 2641 377 2668 —lla=.c
396 2640 511 2675 quotidie
530 2648 649 2675 pungens
672 2645 697 2668 te
716 2642 794 2673 ratio,
809 2641 996 2676 ﬂagellansque

210 2688 398 2716 conscientiam
420 2687 439 2720 ί,
459 2687 538 2714 dicet.
564 2687 627 2720 Quae
652 2687 730 2722 igitur
750 2688 806 2715 hare
824 2692 866 2715 est
886 2688 994 2721 sanitas,

240 2774 251 2790 ι
270 2778 293 2808 tn_
307 2778 409 2808 quatuor
432 2778 483 2808 Mss.
508 2774 613 2808 legitur:
628 2775 692 2808 netia
714 2775 749 2802 sic
776 2779 798 2802 te
814 2783 920 2808 pungent
941 2784 997 2803 cou-

212 2805 377 2867 ὅξῗέέὶιιὲἕιιε
386 2805 517 2838 ﬂagellatis,
529 2805 622 2837 qualem
635 2806 726 2837 febrem
737 2813 782 2833 nou
793 2805 932 2840 superabit?
944 2815 998 2840 qua:

285 2855 292 2867 ,
346 2856 352 2861 .

285 2855 292 2867 ,
306 2855 352 2862 ην.

767 114 945 143 ADVEllSUS
963 113 1110 142 JUD£OS.
1131 112 1196 142 Vlll.

1762 113 1813 139 95$

1031 178 1092 198 eum
1107 172 1177 198 intus
1189 175 1242 198 tam
1256 170 1354 197 multas
1367 169 1510 197 habeamus
1524 169 1696 204 cogitationes
1709 176 1815 197 accusa-

1030 216 1127 244 tricesi
1140 215 1215 250 Quod
1225 215 1247 242 si
1262 215 1445 250 perduraveris
1455 215 1598 250 paulisper,
1612 222 1710 249 eosque
1721 215 1764 249 qui
1775 214 1818 241 vel

1032 261 1237 288 incantationem
1250 261 1363 296 aliquam
1377 268 1474 288 canere
1486 260 1628 293 voluerint,
1639 260 1681 288 vel
1694 260 1817 295 ligamina

1030 307 1162 342 applicare
1184 307 1300 341 corpori,
1315 306 1390 334 nihili
1413 306 1524 340 feceris,
1549 305 1630 333 multa
1654 306 1732 332 ctiattt
1757 311 1817 332 cum

1031 352 1190 380 contumelia
1205 352 1257 379 tuis
1269 359 1302 380 ex
1315 352 1416 379 aedibus
1429 351 1539 387 cjeeeris
1553 360 1560 378 :
1578 350 1697 386 protinus
1713 350 1746 377 ab
1761 350 1817 384 ipsa

1031 397 1192 425 conscientia
1205 397 1435 432 refrigerationem
1457 397 1581 432 accipies.
1597 395 1708 424 Etiamsi
1724 395 1819 422 millies

1031 447 1126 471 exurat
1140 443 1222 471 febris
1232 463 1239 476 ,
1254 443 1341 469 anima
1355 447 1399 469 tua
1413 442 1506 477 quovis
1521 442 1623 477 liquore
1632 462 1640 474 ,
1652 440 1744 475 quovis
1759 448 1820 467 rore

1033 489 1169 516 meliorem
1194 489 1379 523 utilioremque
1399 487 1588 522 mitigationem
1603 486 1726 514 adducet.
1747 484 1820 513 Sicut

1032 534 1118 567 enim,
1133 538 1270 568 postquam
1284 533 1419 567 receperis
1433 532 1638 559 incantationem
1651 530 1800 558 sanuslieet
1812 534 1825 561 ,'

1033 581 1156 608 ntiserius
1169 580 1277 607 affectus
1289 587 1318 607 es
1330 580 1362 607 iis
1373 578 1417 614 qui
1429 578 1504 606 febre
1516 578 1647 610 laborant,
1660 576 1723 603 dum
1735 581 1820 604 tecum

1034 631 1140 661 reputas
1166 625 1266 660 peccati
1291 624 1518 659 magnitudinem;
1541 623 1580 650 sic
1605 629 1675 649 nttnc
1695 628 1820 656 quoque,

1034 672 1138 700 etiamsi
1159 671 1308 704 febrieites,
1329 671 1520 705 innumeraque
1539 669 1648 704 patiaris
1668 668 1755 700 mala,
1778 675 1822 694 re-

1035 718 1117 752 pulsis
1129 717 1216 752 impiis
1232 717 1292 750 illis,
1308 717 1401 752 quovis
1416 723 1482 743 sano
1497 715 1605 742 homine
1617 714 1722 745 melius,
1735 718 1824 740 mente

1035 765 1201 798 exsultante,
1218 764 1270 791 eris
1285 763 1393 791 affectus
1405 783 1412 794 ,
1426 762 1513 789 anima
1527 760 1658 797 gaudente
1676 765 1702 787 et
1722 759 1824 787 exhila-

1035 816 1103 844 rata,
1115 810 1276 837 conseictttia
1290 809 1414 836 laudante
1429 814 1470 841 te,
1486 807 1615 842 probante
1625 827 1632 840 ,
1650 814 1681 833 ac
1700 806 1804 832 dicente
1817 814 1823 831 :

1037 858 1119 893 Euge,
1140 864 1223 892 euge,
1247 855 1313 883 heus
1335 855 1431 888 homo,
1447 853 1544 882 Christi
1565 860 1657 885 serve,
1673 852 1759 879 fidelis
1774 851 1825 883 vir,

1037 903 1135 930 athleta
1151 902 1266 937 pietatis,
1278 902 1322 936 qui
1337 899 1463 928 malueris
1477 898 1607 926 molestiis
1617 897 1733 929 immori,
1747 904 1827 930 quam

1038 948 1161 975 deserere
1177 947 1311 982 pietatem,
1325 953 1385 974 cum
1402 944 1561 980 martyribus
1576 942 1658 970 stabis
1673 943 1699 969 in
1715 941 1761 968 illo
1771 940 1824 967 die.

1038 993 1265 1027 Quemadmodum
1290 993 1361 1019 enim
1385 992 1422 1019 illi
1446 993 1626 1026 pratoptarunt.
1651 988 1715 1016 cmdi
1739 987 1827 1021 ﬂagris

1040 1041 1217 1076 torquerique,
1235 1044 1263 1066 ut
1277 1039 1309 1066 ad
1323 1038 1451 1066 honorem
1465 1036 1632 1072 pervenirent
1645 1044 1651 1062 :
1664 1035 1700 1062 ita
1715 1039 1741 1060 tn
1761 1041 1828 1067 quo-

1039 1095 1090 1122 que
1113 1085 1191 1114 hodie
1212 1084 1365 1120 pratoptasti
1387 1082 1514 1118 ﬂagellari
1535 1080 1706 1116 torquerique
1727 1087 1741 1105 a
1763 1076 1837 1105 febri.

1040 1132 1244 1167 vulneribusque
1256 1152 1264 1165 ,
1287 1138 1320 1158 ne
1340 1130 1494 1157 adtnitteres
1514 1127 1592 1162 impia
1614 1127 1825 1153 incantamenta.

1041 1188 1108 1207 neve
1120 1179 1244 1212 amuleta,
1260 1182 1287 1205 et
1300 1177 1343 1205 tali
1357 1183 1404 1212 spe
1418 1175 1533 1203 nutritus
1543 1195 1550 1207 ,
1565 1181 1598 1201 ne
1610 1173 1708 1200 senties
1720 1170 1831 1206 quidem

1042 1225 1214 1253 adversantes
1229 1224 1345 1250 dolores.
1357 1222 1422 1249 Nam
1438 1222 1485 1248 etsi
1501 1225 1526 1248 te
1540 1227 1591 1247 non
1606 1218 1707 1246 auferat
1720 1218 1776 1244 haec
1790 1217 1829 1243 fe-

1043 1272 1106 1304 bris,
1121 1271 1170 1298 alia
1186 1277 1295 1305 prorsus
1308 1268 1410 1296 auferet
1424 1276 1431 1295 :
1445 1272 1480 1299 et,
1496 1267 1517 1294 si
1532 1273 1600 1293 ttunc
1611 1273 1663 1292 non
1676 1263 1829 1293 moriamur,

1043 1325 1130 1346 tamen
1147 1317 1256 1352 posthac
1271 1316 1424 1342 moriemur.
1437 1313 1547 1340 Mortale
1566 1319 1662 1346 corpus
1683 1309 1769 1338 sortiti
1785 1317 1830 1336 su-

1044 1373 1102 1391 nms
1113 1385 1120 1396 ,
1137 1371 1188 1390 non
1211 1367 1241 1389 ut
1260 1362 1332 1389 illius
1352 1359 1540 1395 cupiditatibus
1555 1358 1768 1391 obtemperantes
1783 1355 1833 1382 int-

1044 1411 1168 1445 pietatem
1183 1409 1382 1442 amplectamur,
1398 1405 1446 1434 scd
1465 1410 1494 1432 ut
1511 1404 1582 1431 illius
1603 1401 1785 1430 affectionibus
1798 1401 1831 1428 ad

1045 1457 1169 1491 pietatem
1186 1459 1300 1481 utamur.
1324 1453 1385 1480 llmc
1405 1452 1475 1479 cnim
1499 1448 1722 1484 corruptibilitas,
1738 1451 1765 1475 et
1783 1446 1832 1473 hoc

1045 1502 1130 1536 ipsunt
1153 1500 1265 1527 mortale
1278 1506 1373 1533 corpus
1385 1519 1393 1532 ,
1411 1497 1433 1525 si
1448 1496 1529 1525 sobrii
1544 1495 1688 1527 fuerimus,
1702 1492 1780 1520 nobis
1793 1497 1834 1519 est

1045 1547 1155 1575 materia
1167 1545 1418 1578 commendationis,
1432 1544 1594 1578 multamque
1610 1541 1685 1569 nobis
1698 1540 1725 1568 in
1737 1540 1781 1567 illo
1791 1539 1834 1566 die

1045 1593 1181 1629 pra‘stabit
1196 1593 1329 1625 fiduciam,
1341 1598 1394 1618 non
1413 1594 1501 1617 autem
1519 1588 1545 1616 in
1566 1587 1610 1616 illo
1624 1587 1708 1614 solunt
1720 1607 1727 1619 ,
1741 1593 1833 1613 verum

1045 1640 1124 1667 etiam
1139 1639 1164 1665 in
1179 1638 1302 1673 praesenti
1319 1637 1381 1664 vita.
1397 1635 1532 1670 Siquidem
1545 1641 1605 1660 cum
1619 1632 1730 1667 cjeceris
1743 1631 1835 1658 ineano

1046 1690 1144 1713 latores
1158 1684 1239 1711 multa
1253 1691 1313 1711 cum
1327 1682 1486 1710 contumelia
1500 1688 1534 1709 ex
1550 1679 1650 1707 aedibus
1662 1677 1713 1706 tuis
1723 1698 1729 1710 ,
1742 1684 1836 1704 omnes

1046 1731 1096 1758 huc
1108 1730 1197 1757 attdito
1211 1728 1365 1760 laudabuttt,
1378 1727 1553 1758 mirabuntur,
1567 1729 1594 1752 et
1606 1725 1675 1751 inter
1687 1730 1716 1750 se
1728 1722 1834 1751 dicent:

1046 1777 1089 1804 ille
1100 1776 1222 1803 laborans
1236 1779 1429 1809 :rgrotansque,
1443 1771 1574 1808 aliquibus
1586 1769 1712 1798 infinities
1725 1768 1836 1795 hortan-

1046 1822 1126 1854 tibus,
1142 1821 1314 1848 suadentibus
1326 1824 1352 1847 et
1362 1818 1562 1846 consulentibus
1570 1822 1599 1844 ut
1611 1815 1719 1850 magicis
1729 1813 1839 1848 quibus-

1046 1869 1106 1897 dam
1122 1867 1326 1895 incantamentis
1337 1870 1466 1898 uteretur,
1478 1872 1531 1892 tton
1540 1863 1657 1894 admisit,
1669 1861 1716 1889 sed
1727 1867 1838 1894 respon-

1046 1916 1085 1943 dit
1097 1924 1103 1942 :
1118 1915 1200 1942 satius
1214 1920 1255 1942 est
1268 1913 1320 1941 ltoe
1334 1917 1414 1948 pacto
1428 1913 1507 1946 mori,
1522 1919 1601 1946 quam
1614 1910 1739 1938 deserere
1753 1908 1836 1941 picta—

1047 1966 1110 1990 tem.
1123 1961 1163 1988 Ad
1178 1961 1235 1988 haec
1247 1965 1446 1994 consequentur
1459 1958 1534 1986 multi
1555 1957 1662 1992 plausus
1684 1955 1718 1982 ab
1737 1954 1778 1981 his
1793 1954 1837 1988 qui

1046 2007 1189 2039 audierint,
1201 2006 1304 2033 cunctis
1316 2004 1486 2039 stupentibus
1496 2024 1502 2036 ,
1519 2004 1602 2030 Deum
1616 1999 1837 2036 glorificantibus.

1047 2053 1103 2081 Hoc
1115 2057 1179 2088 quot
1193 2051 1287 2079 statuis
1301 2058 1352 2077 non
1367 2050 1418 2077 erit
1430 2049 1475 2076 tibi
1488 2046 1684 2075 honorabilius?
1697 2050 1761 2080 quot
1773 2045 1839 2071 ima-

1046 2099 1151 2135 ginibus
1179 2096 1406 2132 magnificentius?
1428 2099 1528 2130 quanto
1561 2094 1662 2120 honore
1691 2091 1839 2126 insignius?

1046 2145 1146 2172 Omnes
1160 2143 1322 2174 laudabunt,
1339 2149 1433 2169 onmes
1447 2145 1518 2167 tuam
1539 2139 1691 2167 felicitatem
1711 2137 1840 2172 prmdica-

1046 2191 1128 2221 bunt,
1145 2196 1238 2217 omnes
1262 2192 1288 2216 te
1311 2187 1485 2215 coronabunt.
1508 2186 1639 2213 Prteterea
1664 2183 1712 2218 ipsi
1734 2190 1839 2217 quoque
1870 2192 1887 2211 ηπ

1049 2236 1172 2264 meliores
1192 2235 1256 2262 fient
1267 2255 1274 2267 ,
1290 2242 1322 2261 ac
1334 2232 1450 2260 vicissim
1470 2236 1543 2259 tuum
1559 2230 1709 2265 exemplum
1726 2228 1838 2256 tumula-

1048 2283 1155 2314 buntur,
1169 2281 1396 2315 imitabunturque
1410 2283 1482 2306 luant
1498 2277 1676 2305 fortitudinem
1692 2285 1698 2303 :
1710 2280 1737 2303 et
1747 2275 1768 2303 si
1779 2275 1840 2310 quis

1047 2329 1114 2356 alius
1135 2328 1186 2355 tale
1207 2326 1342 2362 quidpiam
1361 2325 1463 2358 fecerit,
1485 2329 1512 2351 ιιι
1528 2323 1676 2351 mercedem
1699 2322 1778 2355 feres,
1794 2321 1840 2356 qui

1048 2374 1098 2401 zeli
1111 2372 1191 2400 fueris
1201 2376 1304 2399 auctor.
1316 2371 1407 2406 Neque
1421 2373 1522 2397 tantum
1536 2371 1732 2403 consequentur
1746 2366 1838 2393 laudes

1048 2424 1121 2448 recte
1131 2419 1270 2450 factorum,
1282 2425 1374 2446 verum
1388 2417 1467 2444 etiam
1478 2416 1616 2444 celerrima
1627 2413 1711 2441 morbi
1724 2412 1838 2440 levatio:

1049 2474 1109 2494 cum
1125 2466 1180 2501 ipsa
1192 2469 1236 2492 tua
1248 2464 1374 2499 pratclara
1383 2463 1519 2491 voluntate
1529 2461 1686 2489 conciliante
1698 2459 1743 2487 tibi
1755 2459 1838 2486 Deum

1048 2512 1081 2539 ad
1093 2511 1221 2546 majorem
1236 2509 1457 2542 benevolentiam,
1469 2514 1524 2535 tum
1537 2507 1636 2535 sanctis
1645 2505 1769 2534 omnibus
1779 2512 1840 2540 gra-

1050 2558 1194 2586 lulantihus
1206 2561 1257 2584 tua:
1267 2555 1486 2592 promptitudini,
1501 2558 1579 2590 atque
1593 2562 1624 2580 ex
1644 2553 1737 2580 intitno
1758 2551 1840 2579 corde
1876 2586 1878 2592 π

1050 2614 1098 2641 pro
1111 2609 1136 2632 te
1150 2611 1242 2639 preces
1256 2603 1435 2631 fundentibns.
1446 2602 1522 2636 Quod
1535 2601 1557 2628 si
1570 2601 1614 2628 hic
1626 2600 1687 2628 talia
1701 2603 1763 2626 suttt
1773 2606 1841 2633 prat-
1861 2600 1874 2607 ”⁴

1050 2652 1102 2679 mia
1124 2650 1285 2678 fortitudinis
1307 2649 1384 2684 hujus
1397 2670 1404 2680 ,
1420 2649 1505 2684 cogita
1520 2651 1632 2683 quantas
1652 2646 1706 2673 illic
1727 2645 1840 2684 recipies

1050 2705 1172 2728 coronas,
1187 2704 1257 2729 eum,
1274 2695 1375 2730 angelis
1389 2694 1575 2729 praesentibus,
1587 2692 1710 2719 omnibus
1723 2681 1838 2718 archan-

1049 2743 1126 2778 gelis,
1141 2742 1262 2770 Christus
1276 2741 1422 2769 adveniens
1436 2739 1566 2775 prehensa
1588 2746 1667 2765 manu
1683 2741 1725 2764 tua
1740 2737 1765 2764 in
1782 2745 1840 2764 me~

1050 2790 1123 2817 dium
1145 2794 1171 2817 te
1195 2789 1259 2816 illud
1282 2789 1413 2815 theatrum
1437 2786 1605 2822 produxerit,
1623 2785 1777 2818 cunctisque
1792 2791 1839 2810 au-

1052 2837 1185 2865 dientibus
1201 2836 1299 2863 dixerit
1315 2844 1320 2861 :
1338 2834 1379 2862 hic
1404 2833 1482 2861 homo
1494 2855 1500 2866 ,
1518 2841 1577 2861 cum
1601 2830 1742 2867 aliquando
1767 2830 1840 2857 febre
