2045 3116
238 120 270 146 59
571 121 598 147 S.
621 121 759 148 JO\NNIE§
779 118 1015 148 CilliYSOS'fOlll
1036 117 1194 145 AlitjlllEP.
1215 116 1484 145 COXSTANTINOP.

220 181 357 212 correptus
371 181 452 209 esset,
468 177 615 205 innumeris
637 179 721 213 ipsum
738 176 940 204 exhortantibus
955 180 1012 203 uta

221 223 316 249 inorbo
331 222 495 254 liberaretur,
510 228 616 256 propter
627 230 722 249 nomen
734 229 832 254 meum,
845 229 876 249 ac
889 221 1011 248 timorem

223 268 247 294 iu
265 276 317 300 tuc,
333 277 364 294 uc
379 269 405 294 in
416 268 503 302 aliquo
516 267 672 300 offenderet,
687 275 780 294 omnes
792 267 836 301 qui
853 266 1014 301 polliceban-

229 320 269 340 tur
285 312 333 348 ipsi
349 319 399 340 ιειο
413 317 492 341 modo
506 315 664 345 sanitatem,
681 313 794 347 repulit,
810 320 924 348 cumque
937 312 1015 347 igno-

226 361 304 385 minia
322 359 412 392 rejecit
427 368 433 385 :
450 367 480 385 ac
495 360 649 392 pra'optavit
673 359 777 386 itutuuri
795 359 881 393 potius
902 359 1015 390 morbo,

224 412 302 439 quam
325 405 450 432 deserere
469 404 521 432 mei
541 404 668 432 Sllltllliln.
681 405 784 432 Etenim
804 405 826 432 si
848 412 895 432 eos
908 404 952 440 qui
966 404 1016 439 ipsi

225 456 314 484 potum
328 449 469 483 dederunt,
485 451 528 485 qui
545 451 698 483 ve~tieruut,
715 451 758 485 qui
770 451 857 478 eibttm
872 451 1016 485 dederunt,

225 495 250 521 in
278 496 392 522 medium
415 496 539 523 adducit:
554 497 638 523 multo
661 498 743 531 magis
766 497 879 524 adducet
892 504 957 529 eos,
972 498 1016 531 qui

226 546 334 574 propter
360 541 444 575 ipsum
467 546 590 576 optarunt
612 543 719 569 obnoxii
741 550 801 569 esse
826 542 903 570 febri.
927 542 1017 577 Neque

226 585 297 612 cuitu
317 587 402 613 simile
417 591 458 614 (at
472 589 535 614 dare
552 595 645 622 panem
662 596 693 614 ac
709 594 808 614 vestem
820 608 827 620 ,
848 592 874 615 et
896 588 1017 615 morbum

226 631 355 659 diutinum
380 633 517 668 perferre:
533 633 586 660 imo
610 634 660 661 hoe
682 635 726 661 illo
751 635 834 661 multo
856 634 942 670 tuajus
965 639 1016 661 est.

226 678 329 710 Quanto
341 682 428 705 autem
440 679 538 706 laboris
549 687 581 706 ac
593 679 693 706 doloris
705 680 762 714 plus
774 680 914 706 lOIt'l‘ﬂlUlli
928 679 1016 711 fuerit,

228 729 300 750 tanto
315 724 394 751 etiam
406 732 502 751 corona
519 725 569 751 erit
582 725 804 760 magniﬁcentior.

264 769 371 796 Muralis
390 770 658 797 exltortatia.——ll:ce
680 776 706 798 et
731 771 787 797 sani
812 771 970 797 meditemur
993 775 1020 797 et

227 820 406 849 a‘grotautes,
420 815 506 850 deque
523 815 564 843 his
579 816 650 843 inter
671 824 720 843 nos
739 817 932 851 colloquamur.
952 817 982 843 Et
997 818 1019 843 si

229 862 373 889 viderimus
389 869 437 889 nos
452 863 524 896 ipsos
539 863 682 897 aliquando
697 863 762 890 febri
784 857 942 890 intolerabili
961 870 1019 889 cor-

228 912 317 942 tcptus
329 928 336 938 ,
353 907 415 934 illud
429 908 497 942 apud
514 916 561 934 nos
575 908 647 944 ipsos
662 908 781 935 dicamus
796 917 802 934 :
818 909 879 943 quid
894 913 983 935 autem
997 909 1020 935 si

229 954 304 981 uobis
327 954 448 981 alicunde
473 955 602 982 intentata
627 955 672 982 lite
695 955 726 982 ad
747 956 859 983 tribttnal
876 955 1018 990 rapiantur,

229 1006 344 1034 moxque
359 1000 471 1027 sublatis
484 1000 620 1027 cmdantur
633 1001 727 1032 latera,
739 1009 826 1028 annua
842 1007 952 1028 necesse
963 999 1020 1027 fuc-

231 1045 266 1071 rit
279 1045 388 1072 omnino
402 1047 516 1080 perpeti,
534 1046 613 1081 idque
633 1047 706 1073 nullo
721 1047 794 1073 lucro
809 1047 934 1081 nullaque
950 1055 1020 1073 mer-

228 1089 311 1116 cede?
333 1090 388 1117 Hoc
410 1095 436 1117 et
459 1099 529 1118 nunc
551 1092 715 1126 cogitemus,
740 1092 874 1126 proposita
894 1092 927 1118 sit
942 1092 1021 1118 etiatu

229 1135 377 1162 tolerantia:
393 1143 495 1164 merces
506 1158 512 1168 ,
527 1138 590 1164 satis
605 1145 713 1171 magna,
730 1142 756 1164 ut
772 1138 856 1172 erigat
875 1137 1021 1172 collapsum

229 1181 357 1208 animum.
373 1181 425 1210 Sed
441 1183 551 1210 molesta
571 1188 612 1211 cst
636 1183 716 1211 febris
731 1193 737 1210 :
754 1192 844 1210 verum
866 1191 972 1218 oppone
985 1183 1021 1210 illi

232 1227 384 1254 incendium
399 1227 537 1262 gehennm,
549 1229 618 1263 quod
633 1228 742 1264 effugies
756 1229 880 1260 omnino.
894 1229 916 1256 si
931 1229 1023 1255 volue-

231 1273 268 1299 ris
291 1273 366 1300 istam
384 1273 477 1301 febrim
492 1282 551 1300 cum
567 1275 639 1301 omni
664 1275 805 1302 tolerantia
822 1276 950 1310 perferre.
969 1275 1023 1301 lte-

230 1323 293 1353 puta
308 1323 404 1352 tecum,
417 1327 495 1353 quam
509 1320 591 1346 multa
605 1320 673 1353 passi
684 1320 737 1347 sint
748 1321 870 1354 apostoli,
882 1320 1022 1348 considera

227 1363 316 1398 justo;
340 1369 467 1399 perpetuo
492 1365 516 1391 in
539 1365 728 1392 afflictionibus
751 1365 852 1397 fuisse,
879 1366 1023 1393 recordare

232 1410 299 1436 beati
312 1410 454 1442 Timothei,
468 1411 511 1445 qui
527 1418 669 1445 numquam
690 1411 722 1437 ab
739 1410 893 1438 infirmitate
907 1411 1023 1446 respira-

231 1455 278 1487 vit,
294 1456 339 1482 sed
362 1456 395 1482 ab
416 1457 595 1484 adulescentia
617 1457 671 1491 jugi
696 1457 789 1483 morbo
802 1461 860 1484 erat
877 1457 1022 1491 obnoxius,

232 1501 311 1535 idque
337 1501 430 1528 i‘aulus
457 1502 594 1529 declarans
617 1502 685 1529 dixit
704 1512 711 1529 τ
735 1502 837 1529 Modico
859 1505 916 1529 cina
935 1508 1019 1535 utere,

232 1553 334 1581 pra'pft'r
358 1549 513 1574 stomachum
537 1554 622 1580 tuum,
648 1557 677 1575 ac
701 1552 842 1584 frequente:
867 1550 1024 1581 inﬁrmitates

233 1597 287 1620 tuas
301 1594 338 1628 (l.
358 1593 422 1620 Tim.
439 1594 465 1621 5.
482 1594 536 1627 25,-.
549 1595 624 1626 Quod
639 1595 659 1621 si
674 1595 761 1630 justus
777 1595 830 1625 ille,
845 1600 953 1622 sanctus
967 1595 1022 1626 ille,

232 1639 274 1673 qui
289 1640 361 1665 orbis
377 1640 559 1674 pra:lccturam
574 1641 689 1674 suscepit
702 1662 709 1673 ,
723 1641 767 1675 qui
789 1647 909 1668 mortttos
925 1641 1025 1668 excita-

235 1685 280 1716 vit,
296 1685 339 1718 qui
354 1685 489 1711 da'moues
510 1685 617 1719 abegit,
633 1686 678 1720 qui
696 1686 803 1712 morbos
817 1686 1024 1713 innumerabiles

234 1731 258 1754 in
273 1729 332 1755 aliis
347 1731 474 1761 correxit,
493 1734 545 1756 tam
557 1730 652 1756 acerba
670 1738 763 1764 passus
774 1735 833 1762 est,
848 1739 928 1765 quam
945 1739 1025 1758 excu-

235 1775 364 1800 sationem
389 1775 498 1801 habebis
521 1780 565 1806 lu,
579 1775 623 1810 qui
643 1776 812 1802 tumultuaris
836 1784 867 1804 ac
887 1776 979 1804 deﬁcis
998 1777 1024 1803 in

235 1820 334 1847 morbis
356 1821 543 1854 temporatiis?
558 1820 614 1847 Non
633 1821 729 1848 audisti
752 1822 915 1856 Scripturam
930 1822 1026 1849 'dicen-

235 1873 297 1897 1cm,
315 1865 394 1899 Quom
416 1866 499 1901 diligit
517 1866 655 1899 Dominus,
671 1868 775 1902 castigat
791 1876 800 1894 :
814 1868 927 1902 ﬂagellat
941 1873 1025 1896 autem

234 1918 332 1936 omnem
345 1911 437 1944 ﬁlium,
449 1919 521 1946 quem
535 1913 622 1946 recipit
634 1911 726 1948 (llcbr.
735 1901 782 1938 ⁷12.
794 1913 822 1947 6)
833 1901 941 1945 {Quam
950 1913 1025 1940 multi

235 1957 387 1991 frequenter
398 1961 525 1992 optarunt
537 1958 657 1993 martyrii
672 1965 798 1985 Coronam
813 1959 952 1993 accipere?
963 1959 1026 1987 Htcc

234 2006 275 2029 est
292 2007 383 2037 parata
398 2003 519 2039 martyrii
534 2011 642 2031 corona.
658 2003 714 2031 Non
730 2005 801 2032 enim
817 2004 843 2031 id
863 2005 943 2032 tuodo
965 2004 1026 2032 facit

234 2052 388 2082 martyrem,
402 2048 424 2076 si
441 2050 485 2084 qui
505 2049 596 2083 jussus
615 2055 656 2076 est
667 2050 829 2082 sacriﬁcare,
846 2050 932 2084 potius
948 2050 1027 2078 ducat

234 2093 330 2125 emori,
348 2102 439 2121 verum
453 2095 533 2121 etiam
555 2094 578 2121 si
600 2095 660 2129 quis
683 2101 772 2122 servet
787 2094 934 2130 quidlibet,
955 2095 1026 2130 quod

235 2145 349 2168 mortem
383 2145 473 2175 potest
506 2148 665 2173 accersere,
690 2141 858 2168 manifestum
888 2146 929 2168 est
957 2149 1026 2168 mar-

235 2186 343 2221 tyrium.

270 2232 296 2260 8.
311 2233 350 2260 Ac
364 2236 392 2260 ut
402 2232 533 2266 intelligas
545 2231 595 2259 hoe
607 2239 666 2258 esse
679 2239 779 2263 verum,
796 2231 947 2265 recordare,
960 2239 1028 2267 quo-

235 2277 316 2305 modo
330 2277 448 2305 Joannes
463 2277 579 2312 Baptista
593 2282 714 2304 mortuus
728 2277 772 2309 sit,
785 2282 811 2304 et
822 2286 872 2312 qua
888 2277 921 2304 de
935 2285 1025 2310 causa,

236 2323 371 2358 quomodo
391 2323 467 2350 Abel.
482 2322 582 2349 Neuter
600 2322 670 2349 enim
691 2323 786 2349 horum
800 2323 843 2350 vel
864 2323 947 2350 altare
963 2323 1028 2350 vidit

236 2370 386 2401 incensum,
401 2367 443 2395 vel
457 2372 570 2395 statuam
583 2368 706 2403 positam,
718 2368 860 2402 veljussus
871 2368 918 2395 fuit
934 2369 1029 2395 immo-

236 2415 293 2442 lare
305 2415 472 2442 dtemonibus
485 2423 491 2441 :
508 2413 554 2442 sed
568 2415 614 2441 ille
627 2414 733 2449 quidem
744 2436 750 2446 ,
764 2415 825 2449 quia
845 2414 1028 2441 tantummodo

237 2459 409 2493 reprehendit
425 2460 566 2494 Herodem,
579 2460 727 2488 deeollatus
741 2464 782 2487 est
795 2468 800 2486 :
818 2460 860 2486 hic
875 2467 948 2491 vero,
962 2468 1029 2495 quo-

237 2507 307 2533 niam
325 2506 408 2533 Deum
424 2506 526 2534 meli0ri
543 2505 673 2533 sacrificio
688 2505 828 2532 honoravit
843 2512 922 2540 quam
936 2505 1026 2537 frater,

237 2553 341 2580 occisus
356 2558 406 2580 est.
420 2553 487 2580 Ntun
504 2553 582 2589 igitur
596 2553 687 2587 privati
701 2557 763 2580 sunt
776 2552 894 2587 martyrii
910 2552 1027 2579 corona?

236 2601 271 2627 At
292 2600 352 2635 quis
374 2599 425 2627 hoc
444 2600 541 2627 audeat
564 2599 674 2627 dicere?
694 2599 914 2634 Quandoquidem
941 2599 1027 2633 ipsum

236 2648 315 2674 etiam
337 2646 429 2674 mortis
450 2654 533 2682 genus
554 2646 652 2673 sufficit
670 2645 703 2672 ad
718 2645 841 2672 omnibus
863 2644 1026 2679 persuaden-

236 2694 298 2720 dum
312 2715 319 2726 ,
342 2700 388 2720 eos
404 2693 471 2720 inter
491 2693 590 2727 primos
605 2696 737 2726 martyres
757 2691 900 2718 nttmerari.
916 2690 991 2725 Quod
1006 2691 1027 2717 si

237 2741 314 2766 etiam
329 2739 444 2765 divinam
457 2738 614 2765 sententiam
627 2746 706 2772 super
719 2737 760 2764 Itis
774 2738 903 2772 prolatam
915 2737 1023 2771 qumris,

236 2786 297 2813 audi
313 2785 374 2820 quid
390 2785 453 2811 dicit
473 2785 578 2812 Paulus.
598 2783 663 2811 Nam
685 2792 743 2818 qua:
766 2783 810 2810 ille
830 2783 956 2818 loquitur,
972 2784 1029 2810 sine

238 2831 318 2859 d'thio
332 2831 445 2866 Spiritus
466 2835 535 2858 sunt.
555 2830 619 2857 I’uto
635 2830 716 2863 enim,
739 2829 839 2864 inquit,
861 2828 928 2864 quod
943 2833 966 2856 et
982 2837 1026 2864 ego

1801 114 1855 144 9J0

1065 174 1191 208 Spiritum
1205 172 1253 199 Dei
1268 172 1372 199 habeam
1384 172 1394 207 (
1404 172 1428 199 ι.
1444 171 1504 199 Cor.
1514 171 1541 199 ’1.
1551 170 1613 208 40).
1624 171 1693 205 Quid
1712 172 1794 207 igitur
1816 171 1862 198 hic

1064 220 1145 247 dicit?
1157 219 1274 246 Exorsus
1286 218 1320 246 ab
1331 218 1407 251 Abel,
1416 225 1478 245 cum
1485 217 1596 245 dixisset
1606 217 1735 253 majorem
1743 217 1861 245 hostiam

1065 265 1131 293 Abel
1148 273 1201 300 pra:
1215 265 1281 293 Cain
1301 265 1431 293 obtulisse
1446 265 1519 298 Deo,
1533 269 1562 293 et
1581 270 1690 300 propter
1701 263 1770 292 hanc
1783 271 1862 292 mor-

1066 315 1141 338 tuum
1156 311 1243 338 adhuc
1258 310 1331 346 loqui
1347 320 1355 338 ;
1370 310 1468 338 deinde
1490 310 1626 345 digressus
1646 309 1679 337 ad
1699 309 1860 344 prophetas,

1066 364 1099 385 ac
1111 357 1221 385 decursa
1234 357 1304 385 serie
1318 364 1402 392 usque
1421 356 1455 384 ad
1469 356 1598 384 Joannem
1609 377 1617 389 ,
1639 355 1751 383 dixisset
1764 364 1771 382 :
1787 355 1865 382 Occi-

1066 404 1137 431 tione
1159 404 1239 439 gladii
1251 403 1343 430 mortui
1355 407 1413 429 sunt
1426 423 1432 435 ,
1448 402 1494 429 alii
1509 411 1563 429 vero
1578 401 1681 429 distenti
1694 406 1752 429 sunt
1764 401 1863 437 (Ilebr.

1069 449 1112 476 Η.
1128 448 1191 485 57);
1211 449 1301 475 multis
1313 453 1340 475 ct
1354 447 1467 475 diversis
1481 448 1575 475 mortis
1591 447 1732 483 generibus
1744 454 1865 474 comme-

1068 495 1188 527 moratis,
1203 494 1315 528 subjecit
1330 494 1379 520 hoc
1393 493 1488 520 modo:
1502 492 1592 529 Itaque
1602 501 1647 519 nos
1657 500 1754 528 quoque
1764 496 1864 518 tantum

1069 540 1186 567 habentes
1206 540 1403 566 circumdantem
1418 547 1462 566 nos
1482 539 1573 566 nubem
1593 543 1751 574 martyrum,
1765 537 1864 572 objecta

1069 587 1137 614 omni
1151 587 1268 622 pondere,
1282 595 1325 622 per
1340 585 1498 613 tolerantiam
1513 593 1643 612 curramus
1665 584 1675 620 (
1696 583 1736 610 Ib.
1755 583 1795 611 12.
1810 584 1821 610 ί
1839 583 1863 618 ).

1069 632 1149 659 Vides
1163 632 1233 667 quod
1246 632 1324 659 etiam
1339 631 1405 659 Abel
1415 631 1557 666 appellavit
1568 636 1712 666 martyrem
1724 635 1750 657 et
1760 629 1823 661 Noe.
1835 635 1865 655 et

1069 678 1214 711 Abraham,
1231 683 1257 706 ct
1271 679 1354 710 isaac,
1369 683 1394 705 et
1405 677 1499 705 Iacob.
1509 677 1576 704 Nam
1591 681 1616 704 et
1632 677 1741 703 istorum
1754 676 1863 711 quidam

1069 725 1110 753 sic
1124 730 1232 760 propter
1247 726 1327 752 Deum
1343 724 1441 751 mortui
1457 728 1529 756 sunt,
1544 722 1766 758 quemadmodum
1778 722 1865 756 inquit

1071 770 1178 802 Paulus,
1193 771 1310 803 Quotidie
1322 771 1416 796 morior
1431 769 1468 806 (l.
1482 770 1542 796 Cor.
1557 769 1599 796 15.
1616 769 1662 804 ‘51)
1675 777 1681 794 :
1695 775 1746 795 non
1755 768 1864 803 quidem

1072 815 1197 846 moriens,
1211 815 1258 842 sed
1271 815 1406 849 proposito
1418 819 1520 841 tantum
1531 821 1674 849 perpessus
1683 819 1806 840 mortem.
1818 812 1866 840 Sic

1071 864 1098 886 et
1112 865 1148 893 tu,
1162 860 1183 888 si
1198 859 1328 894 repuleris
1343 860 1547 892 incantamenta,
1563 858 1699 891 veneficia,
1713 865 1745 885 ac
1759 858 1866 892 praesti-

1071 908 1142 941 gias,
1159 908 1263 934 etiamsi
1280 907 1373 935 morbo
1388 907 1526 939 moriaris,
1541 911 1642 941 martyr
1661 905 1793 941 perfectus
1807 905 1865 933 fue-

1071 954 1108 980 ris
1123 975 1130 986 ,
1150 961 1184 982 eo
1208 954 1278 988 quod
1291 975 1298 986 ,
1314 954 1374 981 aliis
1393 953 1579 989 pollicentibus
1597 952 1684 980 morbi
1706 952 1866 980 levationem

1071 1006 1132 1026 eum
1155 999 1306 1034 impietate,
1328 999 1486 1035 prmoptaris
1501 1003 1613 1026 mortem
1634 1006 1696 1025 cum
1712 999 1816 1032 pietate.
1832 998 1867 1024 Et

1073 1044 1130 1072 ba-c
1146 1045 1221 1072 nobis
1236 1045 1305 1072 dicta
1321 1050 1399 1072 sunto
1413 1045 1541 1073 adversus
1553 1052 1599 1072 eos
1610 1065 1617 1077 ,
1632 1044 1676 1080 qui
1690 1044 1809 1079 jactant,
1823 1044 1866 1070 di-

1072 1096 1187 1126 cumque
1200 1091 1335 1118 daemones
1350 1091 1460 1119 mederi.
1475 1091 1619 1123 Caeterum,
1635 1095 1664 1117 ut
1679 1090 1820 1124 intelligas,
1833 1097 1867 1117 ne

1073 1136 1124 1164 huc
1136 1137 1242 1172 quidem
1255 1144 1315 1164 esse
1327 1145 1418 1164 verum
1429 1159 1436 1170 ,
1457 1137 1519 1164 audi
1535 1137 1597 1172 quid
1615 1136 1737 1164 Christus
1749 1136 1820 1163 dicat
1834 1137 1868 1164 de

1073 1182 1180 1209 diabolo
1191 1203 1198 1214 ,
1217 1181 1268 1209 Ille
1290 1183 1416 1209 homicida
1434 1187 1488 1210 erat
1507 1182 1538 1208 ab
1557 1182 1630 1209 initio
1645 1181 1741 1216 (Joan.
1755 1181 1782 1208 8.
1797 1181 1832 1208 44
1845 1181 1868 1216 ).

1076 1228 1146 1255 Deus
1160 1228 1235 1258 dicit.
1248 1228 1380 1256 homicida
1395 1233 1435 1256 est
1449 1237 1456 1255 :
1471 1233 1498 1256 et
1511 1232 1538 1255 tu
1550 1228 1582 1256 ad
1598 1228 1673 1255 illum
1687 1233 1820 1262 tamquam
1833 1227 1868 1254 ad

1075 1273 1208 1300 medicmn
1224 1274 1328 1301 curris?
1344 1275 1391 1302 Dic
1405 1274 1469 1301 mihi
1482 1295 1490 1306 ,
1511 1281 1570 1301 cum
1587 1273 1753 1301 accusaberis
1764 1294 1772 1306 ,
1787 1280 1869 1308 quam

1075 1319 1204 1346 rationem
1220 1319 1316 1347 afferre
1332 1320 1431 1354 poteris
1441 1341 1447 1352 ,
1461 1319 1505 1355 qui
1520 1319 1616 1347 credas
1631 1319 1724 1346 borum
1739 1319 1869 1354 impostu~

1075 1365 1111 1390 ris
1132 1372 1192 1391 eSse
1215 1364 1349 1406 ﬁdeudutn
1371 1366 1476 1400 potius,
1492 1372 1571 1400 quam
1590 1365 1688 1392 Christi
1709 1364 1869 1392 sentcntim?

1074 1411 1140 1437 Cum
1166 1411 1236 1438 enim
1258 1411 1327 1439 Deus
1350 1412 1438 1443 dicat.
1454 1411 1589 1440 homicida
1609 1416 1651 1439 est
1667 1421 1672 1438 :
1690 1411 1732 1438 isti
1749 1419 1812 1438 vero
1825 1411 1870 1438 di-

1075 1463 1135 1484 cant
1149 1479 1155 1489 ,
1175 1463 1262 1492 potest
1282 1466 1375 1486 curare
1397 1459 1522 1492 morbos,
1542 1458 1668 1485 nimirum
1691 1463 1870 1492 repugnantes

1075 1504 1213 1530 sementim
1220 1503 1333 1530 diviuaz:
1344 1508 1371 1531 tu
1379 1512 1442 1531 vero
1452 1504 1567 1538 recipias
1576 1503 1670 1530 horum
1682 1502 1811 1530 maleficia
1822 1503 1869 1530 illa

1075 1554 1101 1576 et
1120 1550 1315 1577 incantamenta
1331 1571 1338 1582 ,
1353 1550 1419 1577 nihil
1433 1550 1504 1577 aliud
1519 1549 1583 1584 ipsis
1596 1549 1674 1576 factis
1689 1549 1740 1576 tuis
1751 1549 1868 1584 judieas,

1075 1603 1154 1630 quam
1180 1596 1290 1623 istorum
1307 1596 1395 1623 verbis
1416 1597 1504 1631 potius
1519 1595 1666 1623 habendam
1681 1595 1775 1627 Iidem,
1789 1602 1870 1630 quam

1075 1642 1193 1669 Christi:
1209 1642 1271 1669 licet
1284 1643 1374 1669 verbis
1393 1642 1418 1669 id
1440 1650 1493 1670 non
1509 1642 1591 1669 dicas.
1606 1641 1682 1674 Quod
1703 1641 1725 1667 si
1747 1640 1871 1667 diabolus

1077 1687 1208 1714 homicida
1224 1692 1276 1719 est,
1293 1687 1462 1714 manifestum
1474 1691 1513 1714 est
1525 1686 1594 1721 quod
1608 1686 1645 1712 illi
1657 1686 1803 1713 servientes
1815 1684 1872 1712 dte-

1076 1740 1168 1760 mones
1180 1739 1252 1760 sunt.
1267 1733 1300 1760 Et
1313 1734 1361 1760 hoc
1372 1740 1478 1768 quoque
1490 1738 1515 1760 te
1526 1732 1590 1766 ipsis
1603 1731 1679 1758 factis
1692 1730 1782 1758 docuit
1795 1731 1872 1758 (.hri-

1076 1785 1134 1806 stus
1144 1800 1150 1810 .
1164 1779 1208 1813 qui
1224 1779 1344 1813 permisit
1359 1779 1418 1806 illos
1435 1779 1536 1806 irruere
1549 1779 1575 1805 in
1589 1778 1662 1805 illum
1683 1785 1789 1812 gregem
1806 1785 1870 1812 por-

1076 1832 1179 1856 corum,
1196 1832 1275 1859 quem
1290 1825 1442 1851 universmn
1456 1825 1482 1851 in
1495 1832 1566 1851 mare
1579 1823 1777 1858 prarcipitarunt
1793 1822 1869 1859 (Luc.

1077 1870 1102 1902 8,
1121 1869 1165 1896 59..
1179 1868 1270 1904 ηιμ),
1283 1874 1312 1896 ιιι
1326 1870 1490 1904 intelligeres
1508 1869 1576 1904 quod
1591 1869 1682 1895 eadem
1703 1867 1799 1895 facturi
1813 1867 1870 1895 fue-

1077 1918 1130 1944 rint
1142 1917 1304 1948 hominibus,
1318 1918 1461 1951 statimque
1476 1915 1677 1950 prrefocassent,
1695 1914 1716 1941 si
1733 1915 1802 1941 Deus
1815 1914 1871 1941 illis

1078 1963 1252 1998 permisisset.
1266 1962 1340 1989 Nunc
1354 1969 1418 1989 vero
1439 1962 1496 1996 ipse
1517 1961 1575 1988 illos
1588 1960 1705 1988 coercuit
1722 1959 1871 1994 prohibuit-

1077 2016 1148 2043 que,
1172 2016 1221 2035 nec
1245 2007 1387 2043 quidquam
1409 2007 1446 2034 eis
1469 2006 1591 2042 permisit
1611 2005 1698 2032 facere
1713 2005 1868 2039 ejusmodi:

1077 2053 1148 2088 quod
1161 2053 1267 2088 quidem
1284 2054 1333 2088 ipsi
1351 2057 1482 2088 potestate
1501 2052 1528 2079 in
1543 2059 1639 2086 porcos
1658 2055 1765 2085 accepta
1781 2050 1871 2077 decia-

1077 2103 1180 2126 rarunt.
1196 2099 1300 2126 Etenim
1313 2098 1335 2125 si
1350 2099 1437 2133 porcis
1453 2105 1504 2125 non
1519 2100 1710 2131 pepercerunt,
1724 2095 1809 2122 multo
1820 2095 1871 2121 mi~

1078 2152 1127 2171 nus
1140 2152 1154 2171 a
1171 2145 1246 2171 nobis
1259 2144 1458 2175 abstinuissent,
1473 2143 1494 2169 si
1507 2142 1634 2169 adversus
1645 2149 1695 2168 nos
1711 2144 1870 2175 potestatem

1079 2191 1242 2218 habuissent.
1259 2189 1298 2217 Ne
1312 2190 1401 2224 igitur,
1418 2189 1514 2216 dilecte
1524 2209 1531 2220 ,
1549 2187 1683 2214 fraudibus
1698 2186 1803 2213 illorum
1817 2185 1866 2213 ab-

1078 2236 1198 2268 ducaris;
1215 2234 1261 2263 sed
1273 2239 1330 2262 esto
1344 2235 1517 2263 confirmatus
1530 2234 1556 2260 in
1571 2233 1665 2259 timore
1677 2231 1734 2259 Dei.

1114 2281 1195 2315 Signo
1205 2281 1287 2308 crucia
1298 2288 1374 2314 prava
1386 2284 1494 2314 potestas
1507 2278 1587 2304 omnis
1595 2279 1706 2313 fugatur.
1718 2291 1754 2296 —
1764 2276 1797 2303 Et
1805 2283 1873 2311 quo-

1079 2329 1158 2355 modo
1179 2327 1336 2362 ingredieris
1356 2325 1572 2362 synagogam?Si
1589 2330 1702 2358 namque
1723 2322 1872 2357 signaveril

1080 2373 1193 2401 frontem
1205 2378 1288 2404 tuam,
1303 2373 1375 2399 illico
1387 2372 1469 2406 fugiet
1483 2378 1562 2406 prava
1578 2374 1696 2404 potestas
1708 2376 1871 2404 synagogam

1079 2420 1241 2448 inhabitans.
1258 2419 1285 2447 Si
1307 2426 1370 2446 vero
1385 2426 1437 2445 non
1453 2417 1615 2452 signaveris,
1641 2417 1666 2442 in
1690 2416 1754 2450 ipsis
1769 2414 1872 2441 foribus

1081 2467 1200 2503 protinus
1214 2473 1287 2493 arma
1301 2465 1421 2500 abjecisti
1431 2486 1437 2497 ,
1454 2472 1515 2491 mox
1529 2463 1627 2490 nudum
1640 2467 1666 2489 et
1681 2461 1810 2489 inermem
1825 2459 1874 2486 ah—

1079 2517 1183 2547 reptum
1210 2516 1235 2539 te
1257 2511 1379 2538 diabolus
1406 2510 1481 2537 malis
1510 2509 1656 2536 innumeris
1684 2507 1792 2534 afficiet.
1819 2505 1872 2532 Sed

1080 2559 1142 2594 quid
1156 2558 1250 2585 attinet
1264 2557 1322 2584 haec
1332 2564 1347 2584 a
1359 2557 1435 2584 uobis
1448 2556 1520 2583 dici?
1535 2555 1598 2582 Nam
1613 2553 1682 2588 quod
1697 2555 1754 2588 ipse
1768 2559 1874 2587 quoque

1081 2604 1222 2631 maximum
1237 2607 1374 2638 peccatum
1384 2609 1443 2629 esse
1454 2601 1567 2636 judieas,
1580 2600 1612 2627 ad
1626 2601 1783 2627 sceleratum
1797 2598 1873 2625 illum

1080 2652 1166 2678 locum
1190 2656 1348 2680 accurrere,
1370 2647 1537 2675 manifestum
1557 2650 1598 2673 est
1621 2653 1654 2672 ex
1677 2645 1734 2678 ipso
1757 2643 1874 2671 adeundi

1081 2697 1171 2725 modo.
1186 2696 1290 2724 Etenim
1304 2695 1372 2722 clam
1387 2694 1448 2721 illuc
1460 2692 1588 2720 aecedere
1601 2690 1702 2722 studes,
1717 2694 1745 2717 et
1756 2689 1872 2721 famulis,

1080 2744 1183 2777 amicis,
1198 2747 1277 2778 atque
1292 2741 1385 2769 vicinis
1398 2739 1544 2770 interdicis,
1557 2745 1590 2764 ne
1604 2742 1629 2764 te
1645 2736 1767 2763 deferant
1785 2734 1822 2761 ad
1829 2742 1874 2761 sa-

1080 2789 1205 2818 cerdotcs
1220 2799 1228 2817 :
1245 2795 1277 2815 ac
1299 2788 1321 2814 si
1342 2786 1401 2821 quis
1422 2785 1566 2816 detulerit,
1594 2782 1750 2818 indignaris.
1777 2781 1876 2808 Annon

1081 2837 1161 2872 igitur
1183 2842 1284 2869 magum
1306 2832 1446 2861 dementia:
1459 2832 1512 2865 sit,
1529 2830 1652 2858 homines
1670 2829 1740 2856 velle
1761 2827 1852 2855 fallere
1864 2847 1875 2861 ,
