1985 3125
232 97 285 127 οη

230 156 279 185 τοῦ
291 156 319 184 δέ
337 155 405 184 Θεοῦ
417 155 544 193 δρῶντος,
554 156 602 183 τοῦ
614 155 752 191 πανταχοῦ
773 155 907 191 παρόντος
917 175 924 186 ,
946 154 1022 181 ἀναι-

233 197 356 235 σχύντως
375 199 424 234 τὴν
444 197 616 234 παρανομίαν
636 196 739 232 ταύτην
757 197 877 232 τολμᾷνς
907 195 976 222 Ἀλλ’
991 196 1021 222 οὐ

231 240 354 271 δέδοικας
368 239 413 266 τὸν
425 239 490 266 Θεόν
501 247 507 272 ;
519 239 623 267 Οὐκοῦν
634 238 685 265 κᾶν
697 239 796 270 αὐτοὺς
811 237 950 273 αἱδέσθητι
959 238 1023 269 τοὺς

238 281 391 312 Ἰουδαίους.
411 280 500 313 Ποίοις
520 279 575 315 γὰρ
599 280 700 312 αὐτοὺς
710 279 858 314 ὀφθαλμοῖς
881 279 959 314 δψεη
975 279 1024 305 καὶ

232 321 302 357 πωίῳ
314 321 422 358 διαλέξῃ
436 322 559 357 στόματι,
575 321 739 357 Χριστιανδς
765 321 814 356 μὲν
838 318 907 346 εἶναι
925 319 1023 355 ὁμιιλο⁴

231 363 299 397 γῶν,
325 363 393 399 πρὸς
417 363 446 390 δὲ
459 363 509 395 τὰς
526 363 638 390 ἐκείνων
657 362 764 398 τρέχων
786 361 958 396 συναγωγὰς,
974 362 1023 388 καὶ

231 405 282 440 τῆς
297 407 306 420 ⁸
323 406 388 440 παρ’
402 405 514 432 ἐκείνων
529 405 655 440 δεόμενος
676 404 821 440 βοηθείας;
839 403 897 430 Οὐκ
912 404 1021 436 ἐννοεῖς,

231 446 293 474 δσον
310 455 356 473 σου
379 447 541 482 καταχέουσι
558 446 675 481 γέλωτα,
694 446 744 473 ὅσα
761 445 933 481 σκώμματα,
957 445 1023 479 ὅσην

232 487 388 524 χλευασίαν,
405 488 470 523 ὅσην
493 487 635 524 αἰσχύνην,
665 488 728 514 ὅσον
743 487 853 519 ὄνειδος,
873 487 898 512 εί
922 486 1023 522 καὶμὴ

232 529 368 565 φανερῶς.
386 529 454 556 ἀλλὰ
469 530 541 556 κατά
556 530 587 556 τὸ
605 529 724 561 συνειδὸς
737 530 767 555 τδ
786 527 909 560 ἐαυτῶν;

268 571 300 598 θ’.
321 570 402 597 Ταῦτ’
416 569 473 603 οὗν,
489 570 550 598 εἰπέ
569 579 623 606 μοι,
640 569 747 606 φορητὰ
761 569 777 605 ἢ
792 569 908 601 ἀνεκτά;
924 569 955 595 El
969 567 1024 604 γὰρ

234 612 348 649 μυρίους
357 612 503 639 ἀποθανεῖν
518 612 651 644 θανάτους
667 612 730 644 ἔδει,
742 611 766 638 εἰ
781 611 835 646 γὰρ
843 610 878 637 τὰ
887 611 1024 646 ἀνήκεστα

232 654 328 680 παθεῖν
345 654 371 686 δ,
387 654 416 680 οὐ
433 653 523 689 πολλῷ
541 654 644 689 βέλτιον
659 652 693 689 ἦν
707 653 815 680 ἅπαντα
830 653 973 687 ὑπομεῖναι
990 651 1024 678 τὰ

232 695 351 730 χαλεπὰ,
365 695 382 729 ἢ
403 694 456 722 τῶν
471 695 578 730 μιαρῶν
593 695 705 722 ἐκείνων
716 694 843 728 γενέσθαι
859 693 965 727 γέλωτα
978 694 1024 719 καὶ

232 736 389 771 χλευασίαν,
406 736 452 763 καὶ
462 737 530 771 μετά
545 736 694 768 συνειδότος
707 736 757 772 ζῇν
773 735 893 771 πονηροῦ
906 743 913 767 ;
931 735 1023 761 Ταῦτα

233 777 315 811 λέγω,
327 777 376 812 οὐχ
392 777 434 804 ἵνα
447 777 525 804 αὐτοὶ
542 778 659 813 ἀκούητε
673 777 763 813 μόνον,
782 777 838 803 ἀλλ’
857 777 900 802 ἵνα
915 777 978 807 τοὺς
989 775 1023 802 τὰ

233 819 344 846 τοιαῦτα
357 819 501 851 νοσοῦντας
513 819 694 856 θεραπεύητε.
709 819 815 849 ’Ὠσπερ
837 818 891 853 γὰρ
910 817 1024 849 ἐκείνοις

231 860 414 895 ἐγκαλοῦμεν,
440 861 482 888 δτι
503 860 646 888 ἀσθενοῦσι
662 860 726 896 περὶ
740 860 790 894 τὴν
813 859 914 890 πίστιν,
937 858 1024 890 οὕτως

233 903 297 938 ὑμῖν
308 902 487 938 ἐγκαλοῦμεν,
507 902 548 929 ὅτι
568 902 632 933 τοὺς
653 900 834 933 ἀσθενοῦντας
851 900 973 936 διορθοῦν
992 900 1022 926 οὺ

234 943 372 979 βούλεσθε.
385 944 430 979 Μὴ
447 943 501 979 γὰρ
516 943 594 970 τοῦτό
605 944 664 969 ἐστι
680 943 710 969 τὸ
725 942 902 977 ζητούμενον,
916 942 1025 977 ἀγαπη-

232 984 274 1017 τέ,
288 985 332 1011 ἵνα
348 984 467 1011 ἐνταῦθα
483 983 575 1011 εἰσιὼν
587 983 707 1020 ἀκούσῃς
720 984 755 1010 τὰ
776 983 928 1018 λεγόμενα;
945 983 1025 1010 τοῦτο

235 1026 285 1062 μὲν
299 1024 346 1053 οὖν
361 1026 408 1053 καὶ
419 1026 507 1062 κρῖμά
521 1027 605 1058 ἐστιν,
621 1026 683 1052 δταν
701 1025 738 1061 μὴ
752 1027 839 1060 προσῇ
857 1026 890 1061 τῇ
912 1024 966 1052 τῶν
981 1024 1024 1051 λό-

233 1076 289 1103 γων
304 1068 434 1104 ἀκροάσει
450 1068 497 1094 καὶ
517 1067 608 1104 ἔργον.
624 1068 673 1094 Διὰ
692 1067 772 1094 τοῦτο
795 1067 958 1103 Χριστιανὸς
975 1064 1000 1093 εῐ
1014 1086 1022 1100 ,

233 1109 278 1136 ἵνα.
292 1108 337 1136 τὸν
352 1109 467 1145 Χριστὸν
485 1110 566 1145 μιμῇ,
582 1109 694 1140 καὶτοῖς
708 1109 812 1135 ἐκείνου
828 1109 910 1146 πείθῃ
921 1108 1023 1144 νόμοις.

234 1150 266 1177 Τί
278 1151 322 1178 δαὶ
335 1152 437 1182 ἐκεῖνος
454 1151 598 1186 ἐποίησεν;
621 1151 678 1177 Οὐκ
693 1151 722 1176 ὲν
745 1150 941 1186 Ἰεροσολύμοις
963 1149 1026 1176 καθ-

233 1193 333 1228 ήμενος
344 1192 436 1219 ἐκάλει
450 1192 518 1228 πρὸς
530 1192 626 1219 ἐαυτὸν
642 1195 705 1223 τοὺς
716 1191 887 1228 ἀρρώστους,
899 1191 967 1218 ἀλλὰ
980 1199 1026 1217 πε-

235 1235 306 1270 ριῄει
320 1234 411 1266 πόλεις
438 1235 486 1261 καὶ
508 1234 616 1269 κώμας,
634 1234 772 1270 ἑκατέρων
795 1233 844 1268 τὴν
868 1233 1024 1268 ἀρρωστίαν

234 1276 405 1312 θεραπεύων,
415 1275 462 1302 καὶ
473 1275 521 1311 τὴν
533 1275 580 1302 τοῦ
593 1274 728 1310 σώματος,
738 1276 785 1301 καὶ
800 1274 848 1309 τὴν
860 1274 909 1309 τῆς
925 1273 1024 1308 ψυχῆς.

234 1318 330 1346 Καίτοι
346 1326 379 1352 γε
402 1316 515 1345 ἐδύνατο
541 1318 570 1344 ἐν
585 1317 624 1344 ἐνὶ
639 1317 794 1352 καθήμενος
817 1316 892 1351 τόπῳ
921 1316 1025 1347 πάντας

234 1359 348 1387 ἐλκύσαι
367 1359 435 1394 πρὸς
449 1359 563 1386 ἑαυτόν·
579 1358 636 1385 ἀλλ’
651 1359 701 1385 οὐκ
718 1358 831 1392 ἐποίησε
844 1357 937 1389 τυῦτο,
959 1357 1025 1392 ἡμῖν

234 1401 323 1432 διδοὺς
344 1400 495 1436 ὑπόδειγμα
519 1401 560 1432 είς
584 1400 615 1427 τὸ
629 1400 764 1436 περιιέναι
781 1398 829 1425 καὶ
850 1399 941 1433 ζητεῖν
961 1399 1024 1430 τοὺς

235 1441 450 1477 ἀπολλυμένους.
471 1442 556 1468 Πάλιν
572 1441 618 1468 καὶ¹
629 1441 673 1468 διὰ
689 1441 738 1476 τῆς
758 1439 828 1466 κατά
848 1440 893 1466 τὸν
909 1439 1026 1475 ποιμένα

235 1483 392 1519 ¹παραῦολῆς
402 1483 482 1510 τοῦτο
498 1483 616 1518 ᾐνίξατο.
631 1482 686 1509 Καὶ
698 1482 750 1517 γὰρ
768 1482 818 1508 οὑκ
833 1481 944 1508 ἐκάθισε
958 1480 1027 1516 μετὰ

235 1525 290 1552 τῶν
304 1524 547 1560 ἐνενηκονταεννέα
559 1523 714 1560 προϐάτων,
728 1523 775 1550 καὶ
786 1524 911 1559 ἀνέμεινε
922 1524 953 1550 τὸ
962 1523 1028 1550 πλα-

235 1567 356 1603 νώμενον
379 1566 466 1593 ἐλθεῖν
481 1566 549 1602 πρὸς
563 1565 655 1598 αὑτὸν,
680 1565 738 1592 ἀλλ’
751 1565 832 1597 αὐτὸς
845 1565 960 1601 ἀπῆλθε,
981 1565 1028 1592 καὶ

235 1607 311 1644 εὗρε.
326 1608 374 1636 καὶ
393 1607 480 1643 εὕρὼν
503 1608 551 1634 καὶ⁵
571 1607 721 1634 ἐϐάστασεν
732 1607 778 1634 ἐπὶ
792 1607 846 1634 τῶν
861 1606 959 1642 ὤμων,
979 1606 1029 1633 καὶ

236 1651 414 1686 ἀπεκόμισεν.
432 1650 488 1684 Οὐχ
514 1649 582 1685 ὁρᾷς
604 1649 728 1681 καὶτοὺς
748 1650 856 1684 ἰατροὺς
867 1649 933 1675 αὐτὸ
948 1648 1028 1675 τοῦτο

238 1692 382 1724 ποιοῦντας
393 1699 400 1725 ;
410 1693 462 1718 οὐκ
473 1690 658 1725 ἀναγκάζουσι
671 1690 735 1722 τοὺς
743 1690 903 1726 ἀρρώστους
917 1689 1028 1717 ἐπὶτῶν

237 1734 373 1761 κλινιδίων
388 1733 602 1768 κατακειμένους
618 1732 658 1763 είς
674 1731 724 1763 τὰς
738 1731 826 1762 οἰκίας
841 1731 931 1757 αὐτῶν
945 1731 1028 1767 φέρε-

239 1775 314 1808 σθαι,
332 1775 389 1802 ἀλλ’
404 1775 481 1802 αὐτοὶ
491 1774 617 1810 τρέχουσι
635 1773 702 1808 πρὸς
725 1773 856 1804 ἐκείνους.
882 1773 967 1799 Τοῦτο
982 1773 1029 1800 καὶ

237 1817 272 1844 σὺ
285 1817 407 1853 ποίησον,
420 1815 495 1853 [688]
511 1815 647 1850 ἁγαπητέ,
659 1813 737 1846 εἰδὼς
754 1815 794 1841 ὅτι
814 1813 917 1850 βραχὺς
926 1815 939 1841 ό
956 1823 1028 1850 παρ-

237 1857 276 1885 ὼν
292 1858 358 1894 βίος,
380 1857 432 1885 κᾶν
449 1857 486 1892 μὴ
501 1856 589 1883 ταῦτα
606 1856 781 1892 κερδὰνωμεν
794 1855 830 1882 τὰ
844 1855 938 1891 κέρδη,
955 1856 1029 1882 οὐδε-

240 1900 306 1935 μίαν
323 1900 419 1935 ἕξομεν
440 1900 498 1925 ἐκεῖ
518 1898 665 1933 σωτηρίαν.
684 1896 801 1924 Δύναται
824 1897 953 1929 πολλάκις
980 1897 1029 1932 μία

239 1941 402 1978 κερδηθεῖσα
416 1940 489 1976 ψυχὴ
505 1940 609 1976 μυρίων
629 1940 710 1974 ὄγκον
734 1939 941 1975 ἁμαρτημάτων
955 1939 1028 1974 ἀφα-

239 1984 323 2015 νίσαι,
337 1983 384 2010 καὶ
393 1982 519 2017 γενέσθαι
535 1983 601 2017 ἡμῖν
613 1980 759 2016 ἀντίψυχον
775 1982 804 2007 ἐν
815 1981 906 2017 ἐκείνῃ
919 1982 951 2017 τῇ
963 1982 979 2016 ἡ
984 1981 1030 2016 μέ-

236 2034 284 2061 ρᾳ.
305 2025 445 2060 Ἐννόησον
461 2024 504 2051 διὰ
520 2024 546 2050 τί
561 2023 709 2058 προφῆται,
725 2022 769 2049 διὰ
785 2022 810 2048 τί
821 2022 974 2056 ἀπόστολοι,
984 2022 1028 2049 διὰ

237 2066 266 2092 τί
275 2065 384 2099 δίκαιοι,
401 2065 445 2092 διὰ
463 2065 488 2092 τί
503 2065 613 2100 ἄγγελοι
627 2064 756 2096 πολλάκις
774 2063 966 2099 ἐπέμφθησαν,
983 2063 1027 2090 διὰ

238 2107 266 2134 τί
275 2107 356 2139 αὐτὸς
373 2109 386 2134 ὁ
406 2106 552 2142 μονογενὴς
564 2105 627 2137 Υἱὸς
636 2105 683 2132 τοῦ
699 2105 765 2131 Θεοῦ
781 2104 947 2140 παρεγένετο
957 2113 964 2120 ·
978 2105 1027 2140 οὐχ

240 2148 284 2176 ἵνα
308 2147 467 2183 ἀνθρώπους
488 2146 623 2183 διασώσῃ;
651 2147 700 2181 οὐχ
727 2147 771 2172 ἵνα
802 2145 1028 2182 πεπλανημένους

272 2223 285 2258 _‘
299 2222 374 2258 ξανξι.
385 2222 443 2258 πρὸς
452 2222 511 2246 δὲτὰ
521 2222 554 2246 ἐκ.
569 2219 721 2258 τρέχωνηκαὶ
728 2222 781 2258 τῆς,

273 2253 288 2273 δ
298 2253 339 2278 Sic
347 2249 450 2278 maxima
462 2260 518 2284 pars
530 2249 760 2284 manhééljiplprum;
773 2249 809 2284 Δί.
815 2249 875 2274 edili
885 2249 1028 2281 1:105qu-

238 2286 278 2312 θη.
297 2284 352 2308 Mox
365 2283 450 2308 Morel.
463 2280 478 2312 ἢ
489 2284 529 2307 τὸν
542 2282 624 2313 μιαρὸν
636 2280 732 2313 ἐκεῖνον,
744 2280 820 2313 Ξανὶι.
834 2287 892 2305 vero
904 2284 929 2306 et
940 2288 1028 2313 magna

240 2291 278 2312 Im.
297 2291 352 2308 mox
365 2291 450 2308 morel.
463 2291 478 2312 η
489 2291 529 2307 τον
560 2291 624 2313 ιαρον
636 2291 732 2309 εκεινον,
745 2291 820 2305 ουνιι.

240 2321 297 2347 pars
307 2315 525 2345 manuscriplorum
536 2291 610 2342 ζτῶν
622 2312 712 2344 μιαρῶν
724 2312 826 2335 ἐκείνων.

590 97 620 126 S.
639 96 782 126 JOANNIS
798 94 1046 125 CHRYSOSTOMI
1065 96 1226 125 ARCHIEP.
1252 91 1531 123 CONSTANTINUP.

1816 89 1877 118 952

1074 154 1253 190 ἐπαναγάγῃ;
1270 152 1356 180 Τοῦτο
1374 152 1421 179 καλ⁴
1439 152 1471 179 σὺ
1486 149 1599 185 ποίησον
1614 147 1683 175 κατὰ
1692 146 1811 183 δύναμιν
1822 148 1879 184 τὴν

1074 196 1134 232 σὴν,
1152 196 1199 223 καὶ
1211 196 1302 222 πᾶσαν
1313 194 1430 229 σπουδὴν
1454 192 1587 224 ἐπίδειξαι
1607 190 1654 232 καῖ
1677 189 1810 232 πρόνοιαν
1829 191 1880 218 εις

1073 237 1121 273 τὴν
1140 237 1195 264 τῶν
1206 236 1424 272 πεπλανημένων
1446 234 1586 262 ἐπάνοδον.
1605 231 1696 259 Ταῦτα
1720 231 1784 258 καθ’
1805 231 1880 258 ἐκά-

1074 287 1140 314 στην
1159 279 1223 314 ὑμῖν
1247 277 1389 313 παραινῶν
1417 276 1526 308 σύναξιν
1551 275 1582 301 οὑ
1606 273 1789 309 διαλιμπάνω,
1817 273 1881 300 κᾶν

1074 320 1237 356 προσέχητε,
1252 319 1304 346 κᾶν
1321 319 1358 355 μὴ
1373 318 1535 354 προσέχητε,
1550 316 1605 350 ἐγὼ
1615 315 1702 350 λέγων
1717 315 1748 340 οὗ
1764 315 1881 341 παύσο-

1076 371 1135 397 μαι.
1149 361 1234 388 Τοῦτο
1251 361 1304 397 γὰρ
1326 361 1393 396 ἡμῖν
1409 360 1485 395 παρά
1500 358 1546 385 τοῦ
1561 356 1628 384 Θεοῦ
1657 357 1749 392 νόμος,
1780 357 1816 384 ἄν
1846 364 1880 382 τε

1074 402 1178 440 ἀκούσῃ
1193 411 1246 434 τις,
1264 402 1296 430 ἀν
1309 410 1339 428 τε
1358 401 1396 437 μὴ
1417 400 1532 437 ἀκούσῃ,
1548 399 1598 435 τὴν
1613 397 1750 426 διακονίαν
1762 397 1878 440 ταύτην

1073 445 1205 480 πληροῦν.
1229 444 1300 471 Ἀλλ’
1313 443 1361 470 ἐὰν
1387 444 1437 479 μὲν
1457 442 1594 476 ἀκούσητε
1610 440 1658 467 καὶ
1673 440 1809 475 ποιήσητε
1841 439 1879 466 τὰ

1073 486 1208 522 λεγόμενα
1221 506 1229 518 ,
1251 485 1321 521 μετὰ
1338 485 1441 520 πολλῆς
1453 483 1520 511 αὐτὸ
1537 482 1616 510 τοῦτο
1629 481 1810 517 ἐργασόμεθα
1823 481 1878 522 τῆς

1073 528 1170 563 ἡδονῆς
1179 535 1186 542 ·
1199 528 1232 554 ἂν
1245 527 1274 553 δὲ
1288 526 1445 562 ἀμελήσητε
1462 525 1509 552 καὶ
1521 523 1709 561 ρᾳθυμήσητε,
1723 521 1797 557 μετά
1807 521 1879 548 πολρ

1073 569 1123 605 λῆς
1137 569 1187 605 τῆς
1203 568 1334 604 ἀθυμίας.
1361 569 1444 604 Ἡμῖν
1467 567 1517 603 μὲν
1544 566 1599 601 γὰρ
1618 567 1649 592 ἐκ
1664 567 1714 600 τῆς
1729 565 1879 600 ὑμετέρας

1075 611 1219 647 παρακοῆς
1233 610 1320 642 οὐδεὶς
1334 609 1410 637 ἔσται
1425 608 1517 636 λοιπὸν
1532 607 1669 639 κίνδυνος·
1685 607 1714 633 τὸ
1729 607 1788 642 γὰρ
1800 605 1878 641 ἡμέ-

1073 661 1153 688 τερον
1170 653 1243 680 ἀπαν
1257 651 1475 688 ὲπληρώσαμενο
1494 650 1563 685 πλὴν
1582 649 1651 676 ἀλλά
1673 649 1724 676 κᾶν
1756 649 1797 683 μὴ
1816 656 1878 674 κιν-

1073 694 1227 729 δυνεύωμεν
1235 692 1274 728 τῷ
1287 693 1498 728 πεπληρωκέναι
1508 691 1543 719 τὰ
1555 692 1618 727 παρ’
1629 690 1734 717 ἑαυτῶν
1746 689 1875 720 ἅπαντα,

1074 735 1211 770 ἀλγοῦμεν
1223 736 1237 762 ὺ
1242 735 1300 770 μῶν
1314 733 1521 769 ἐγκαλουμένων
1530 732 1602 760 κατά
1615 732 1664 768 τὴν
1677 731 1788 767 ἡμέραν
1804 731 1878 757 ἐκεί-

1075 786 1133 814 νην.
1150 778 1187 804 Ού
1206 777 1260 813 γὰρ
1280 777 1422 808 ἀκίνδυνος
1440 776 1505 811 ὑμῖν
1519 775 1595 802 ἔσται
1610 776 1626 810 ἡ
1641 774 1792 809 ἀκρόασις,
1808 774 1877 800 ὅταν

1075 821 1091 855 ἡ
1102 820 1144 847 διὰ
1156 819 1208 846 τῶν
1215 819 1304 855 ἔργων
1316 819 1457 855 προσθήκη
1473 818 1510 854 μὴ
1524 817 1647 852 γένηται.
1660 817 1797 843 ΙἈκουειόν
1806 815 1877 849 γοῦν

1075 863 1133 894 πῶς
1143 863 1199 893 τοῖς
1213 862 1382 893 διδασκάλοις
1391 859 1516 895 ἐγκαλῶν
1530 861 1585 891 τοῖς
1602 858 1816 894 ἀποκρύπτουσι
1829 858 1876 884 τὸν

1075 904 1152 938 λόγον
1168 904 1182 929 ὁ
1192 903 1321 938 Χριστὸς,
1333 903 1381 929 καὶ
1396 903 1459 934 τοὺς
1473 900 1709 937 μαθητευομένους
1721 899 1874 933 ἐφόὸησεν.

1074 945 1166 973 Εἰπὼν
1184 945 1249 980 γὰρ,
1273 945 1354 972 Ἔδει
1365 953 1402 972 σε
1413 943 1593 972 καταϐαλεῖν
1607 943 1640 969 τὸ
1651 942 1800 977 ἀργύριόν
1813 950 1877 975 μου

1074 988 1122 1015 ἐπὶ
1132 987 1203 1019 τοὺς
1213 986 1386 1022 τραπεζῖτας
1399 994 1405 1001 ·
1418 986 1464 1013 καὶ
1481 984 1641 1019 ἐπαγαγὼν,
1657 984 1698 1010 ὃτι
1718 983 1812 1018 Κάγὼ
1826 983 1877 1009 ἐλ-

1075 1029 1138 1057 θὼν
1160 1030 1233 1062 μετὰ
1260 1029 1351 1056 τόκου
1371 1028 1410 1055 ἂν
1432 1027 1576 1062 ἀπῄτησα
1594 1024 1678 1057 αὐτὸ,
1697 1024 1817 1058 ἔδειξεν,
1835 1025 1877 1051 ὅτι

1077 1070 1146 1106 μετᾶ⁴
1160 1070 1209 1106 τὴν
1223 1070 1355 1106 ἀκρόασιν
1369 1069 1465 1104 (τοῦτο
1476 1068 1531 1104 γάρ
1543 1069 1617 1094 ἐστιν
1630 1068 1646 1103 ἡ
1666 1066 1714 1093 τοῦ
1733 1067 1877 1102 ἀργυρὲου

1076 1111 1234 1147 καταϐολὴ),
1241 1112 1304 1143 τοὺς
1312 1110 1531 1146 ὑποδεξαμένους
1539 1109 1589 1144 τὴν
1601 1107 1782 1135 διδασκαλίαν
1794 1109 1877 1134 τόκον

1076 1152 1240 1188 ἐργάζεσθαι
1257 1153 1320 1188 χρή.
1337 1153 1422 1184 Τόκος
1440 1152 1468 1179 δέ
1489 1150 1663 1181 διδασκαλίας
1679 1149 1758 1176 οὐδὲν
1777 1149 1878 1184 ἔτερόν

1076 1195 1160 1226 ἐστιν,
1175 1194 1231 1221 ἀλλ’
1252 1195 1298 1229 ἡὴ
1313 1194 1357 1221 διὰ
1377 1194 1430 1221 τῶν
1446 1194 1535 1229 ἔργων
1553 1192 1693 1225 ἐπίδειξις.
1725 1191 1809 1218 Ἐπεὶ
1829 1190 1877 1218 οὖν

1076 1237 1123 1262 καὶ
1138 1237 1219 1272 ἡμεῖς
1237 1235 1423 1270 κατεὸάλομεν
1444 1235 1476 1262 τὸ
1492 1233 1622 1270 ἀργύριον
1651 1233 1692 1265 είς
1712 1232 1764 1268 τὴν
1788 1232 1877 1268 ἀκοὴν

1075 1277 1125 1311 τὴν
1138 1277 1274 1313 ὑμετέραν
1287 1298 1294 1308 ,
1315 1277 1422 1312 ἀνάγκη
1445 1275 1547 1308 λοιπὸν,
1568 1276 1640 1310 ὑμᾶς
1664 1274 1818 1302 ἀποδοῦναι
1831 1275 1878 1301 τὸν

1075 1319 1154 1345 τόκον
1169 1318 1207 1354 τῷ
1215 1318 1343 1355 δεσπότῃ,
1359 1318 1493 1349 τουτέστι,
1508 1317 1558 1353 τὴν
1575 1316 1714 1353 σωτηρίαν
1724 1316 1783 1342 τῶν
1796 1316 1878 1343 ἀδελ-

1078 1360 1135 1395 φῶν
1143 1360 1198 1387 τῶν
1212 1360 1365 1395 ὑμετέρων.
1383 1360 1465 1386 Ὥστε
1477 1359 1502 1385 εἰ
1519 1358 1625 1394 μένοιτε
1636 1357 1723 1385 ταῦτα
1742 1358 1879 1393 κατέχον-

1076 1410 1121 1433 τες
1135 1401 1168 1428 τὰ
1184 1401 1318 1437 εἰρημένα
1331 1401 1420 1436 μόνον,
1432 1400 1480 1428 καὶ
1496 1400 1578 1436 μηδὲν
1590 1401 1619 1426 ἐν
1634 1400 1743 1431 ἑαυτοῖς
1759 1399 1882 1433 ἐργαςό-

1078 1451 1165 1478 μενοι,
1179 1443 1286 1469 δέδοικα
1301 1443 1338 1479 μὴ
1349 1443 1397 1478 τὴν
1411 1443 1496 1478 αὐτὴν
1510 1442 1549 1477 τῷ
1564 1442 1594 1468 τὸ
1605 1442 1737 1468 τάλαντον
1753 1443 1877 1476 κατορύ-

1078 1485 1153 1517 ξαντι
1178 1484 1247 1511 δῶτε
1274 1484 1363 1520 δίκην.
1389 1485 1444 1511 Καὶ
1460 1484 1515 1520 γὰρ
1537 1484 1640 1515 ἐκεῖνος
1649 1482 1694 1509 διὰ
1707 1482 1792 1509 τοῦτο
1812 1483 1878 1515 τοὺς

1078 1525 1161 1558 πόδας
1172 1526 1217 1552 καὶ
1232 1526 1280 1558 τὰς
1295 1527 1389 1561 χεῖρας
1399 1525 1495 1558 δεθεὶς,
1509 1526 1549 1557 είς
1560 1525 1589 1552 τὸ
1605 1524 1701 1555 σκότος
1716 1523 1838 1559 ἐξήγετο
1850 1525 1881 1551 τὺ

1078 1567 1220 1603 ἐξώτερον,
1235 1569 1276 1594 ὅτι
1294 1569 1344 1594 οὐκ
1358 1568 1505 1603 ἐξήνεγκεν
1520 1569 1558 1599 είς
1571 1567 1681 1602 ἐτέρους
1698 1566 1775 1602 ἅπερ
1793 1567 1881 1601 ἡκου-

1079 1617 1134 1636 σεν.
1151 1609 1199 1636 Ἰν*
1212 1607 1258 1636 οὖν
1274 1608 1310 1644 μὴ
1325 1609 1371 1635 καὶ
1384 1610 1466 1644 ἡμεῖς
1483 1608 1519 1635 τὰ
1532 1609 1603 1634 αὐτὰ
1618 1607 1763 1643 πάθωμεν,
1783 1608 1834 1634 τὸν
1846 1608 1881 1634 τὰ

1078 1650 1158 1677 πέντε
1172 1650 1329 1685 δεξάμενον,
1344 1650 1392 1676 καὶ
1404 1650 1450 1676 τὸν
1461 1649 1496 1676 τὰ
1507 1649 1554 1676 δύο
1563 1649 1691 1680 τάλαντα,
1708 1649 1882 1684 μιμησώμε-

1078 1691 1128 1718 θα·
1143 1691 1194 1718 κᾶν
1207 1699 1238 1717 τε
1256 1691 1344 1725 λόγον,
1360 1690 1410 1717 κάν
1424 1698 1453 1716 τε
1466 1691 1610 1725 χρήματα,
1625 1691 1677 1718 κάν
1696 1699 1726 1716 τε
1745 1691 1881 1726 σώματκ

1079 1733 1170 1763 πόνον,
1182 1733 1234 1759 κᾶν
1248 1732 1341 1767 εὐχὴν,
1354 1731 1406 1758 κᾶν
1419 1731 1476 1758 ἀλλ’
1485 1731 1574 1758 ὁτιοῦν
1589 1733 1628 1763 είς
1637 1732 1686 1767 τὴν
1698 1731 1747 1758 τοῦ
1759 1733 1881 1768 πλησίον

1080 1774 1218 1809 σωτηρίαν
1233 1773 1372 1800 ἀναλῶσαι
1383 1773 1479 1808 δεήσῃ,
1498 1773 1534 1808 μὴ
1549 1773 1729 1808 ὀκνήσωμεν,
1746 1774 1793 1800 ἴνα
1815 1784 1882 1801 παν-

1078 1816 1191 1850 ταχόθεν
1206 1815 1237 1842 τὸ
1249 1815 1324 1851 παρὰ
1337 1815 1384 1841 τοῦ
1401 1814 1469 1841 Θεοῦ
1487 1814 1562 1841 δοθὲν
1584 1815 1649 1850 ἡμῖν
1667 1814 1805 1841 τάλαντον
1819 1817 1882 1842 ἁνα-

1078 1857 1164 1892 λόγως
1180 1857 1290 1884 ἕκαστοι
1310 1856 1578 1888 πολυπλασιάσαντες
1589 1856 1751 1892 δυνηθῶμεν
1761 1857 1817 1892 τῆς
1833 1867 1884 1893 μα-

1079 1899 1177 1934 καρίας
1191 1899 1298 1934 ἐκείνης
1311 1897 1427 1926 ἀκοῦσαι
1439 1899 1542 1934 φωνῆς,
1555 1896 1610 1932 Εὖ,
1620 1898 1712 1926 δοῦλε
1719 1899 1822 1934 ἀγαθὲ
1831 1900 1882 1927 καὶ

1078 1941 1177 1971 πιστὲ.
1193 1941 1241 1968 ἐπὶ
1257 1941 1345 1976 ὀλίγα
1356 1939 1396 1976 ἧς
1410 1940 1585 1973 πιστὸς-,ἐπὶ
1595 1940 1721 1967 πολλῶν
1734 1949 1773 1968 σε
1785 1950 1883 1968 κατα-

1078 1982 1198 2016 στήσω·
1215 1983 1337 2010 εἴσελθε
1352 1985 1396 2016 είς
1410 1982 1468 2017 τὴν
1481 1981 1578 2017 χαρὰν
1593 1982 1646 2008 τοῦ
1669 1983 1786 2016 Κυρίου
1808 1993 1882 2012 σου.

1079 2022 1133 2056 Ἦς
1147 2025 1251 2060 γένοιτο
1271 2025 1373 2057 πάντας
1392 2025 1465 2060 ἡμᾶς
1482 2025 1629 2059 ἐπιτυχεῖν,
1640 2025 1733 2060 χάριτι
1751 2025 1803 2052 καὶ
1822 2027 1885 2061 φιλ-

1081 2067 1223 2103 ανθρωπίᾳ
1248 2067 1294 2094 τοῦ
1311 2067 1414 2103 Κυρίου
1444 2066 1524 2102 ἡμῶν
1544 2065 1631 2101 Ἰησοῦ
1645 2066 1781 2102 Χριστοῦ,
1801 2068 1838 2094 δι’
1851 2065 1884 2095 οῦ

1080 2108 1127 2134 καὶ
1139 2109 1198 2143 μεθ’
1219 2106 1248 2136 οὗ
1260 2109 1298 2144 τῷ
1312 2109 1401 2144 Πατρὶ
1419 2109 1435 2145 ή
1451 2108 1513 2141 δόξα
1527 2108 1615 2134 καὶτὸ
1632 2108 1745 2142 κράτος,
1766 2109 1831 2144 ἅμα
1844 2110 1885 2146 τῷ

1081 2149 1151 2186 ἁγίῳ
1163 2150 1312 2187 Πνεύματι,
1324 2151 1363 2183 εἰς
1373 2151 1436 2182 τοὺς
1448 2150 1548 2182 αἰῶνας
1556 2150 1612 2177 τῶν
1621 2150 1740 2178 αἰώνων.
1748 2151 1778 2178 Ἀ
1785 2153 1844 2188 μὴν
1859 2158 1885 2180 ε.

1115 2253 1130 2284 ε,
1139 2252 1192 2276 Duo
1203 2259 1260 2277 mss.
1276 2256 1332 2284 pgst
1341 2253 1404 2283 ἀμήν
1415 2252 1651 2284 ιιοδεηιντετέλεσται
1662 2252 1706 2284 σὺν
1719 2253 1780 2284 Θεῷ
1794 2254 1828 2278 τὰ
1840 2263 1891 2280 ιιι-

1081 2284 1110 2307 τὰ
1126 2283 1254 2317 Ἰουδαίων.
1263 2282 1306 2317 τοῦ
1318 2282 1427 2317 ἐν-ἀγίοις
1442 2283 1535 2314 Πατρὸς
1550 2284 1618 2317 ἡμῶν
1634 2283 1747 2317 Ἱςιῄννου
1759 2282 1811 2317 τοῦ
1821 2287 1888 2317 Χρυ-

1082 2314 1203 2345 σοατὸμου
1213 2314 1237 2338 ἐν
1249 2315 1326 2346 λόγοις
1337 2315 1369 2342 ἕξ.
1385 2314 1452 2339 Unus
1468 2317 1550 2339 autem
1564 2313 1636 2338 habe!
1648 2314 1672 2338 ἐν
1687 2314 1771 2345 λόγοις
1783 2315 1820 2340 ε’.

1387 3123 1423 3125 κβ
1438 3118 1668 3125 __r~_.‘—.—~.
1684 3116 1960 3125 ‘._~_~____4
