2045 3116
193 118 243 147 9H

189 183 250 203 cum
263 183 327 204 vero
337 175 406 203 Deus
418 175 506 203 videat
518 175 614 211 ubique
628 181 756 211 praesens,
770 174 895 210 perfricta
908 173 976 201 facie

190 225 292 248 tantum
313 220 414 249 facinus
435 221 552 248 audere?
566 220 619 248 Sed
633 228 686 248 non
699 221 778 248 times
790 220 894 248 Deum?
907 221 977 256 Ergo

189 268 284 296 saltem
306 267 379 302 ipsos
401 275 523 295 reverere
543 267 660 295 Iudaeos.
681 266 782 301 Quibus
802 267 873 294 enim
894 266 978 294 oculis

190 313 262 348 ipsos
277 312 439 340 intueberis?
451 312 509 347 Quo
523 320 570 340 ore
582 312 725 348 alloqueris
737 332 744 345 ,
766 312 829 340 dum
849 311 977 347 proﬁtens

190 363 216 386 te
228 366 288 386 esse
298 358 488 391 Christianum,
502 363 589 385 tamen
600 357 632 385 ad
646 358 752 385 illorum
764 358 848 386 curris
862 365 977 393 synago-

189 411 245 438 gas,
259 407 287 431 et
301 403 334 430 ab
349 403 402 430 illis
414 411 492 439 opem
507 403 651 438 imploras?
666 403 722 431 Non
739 403 880 438 perpendis
891 411 977 438 quan-

190 454 244 476 tum
261 450 342 476 risum
355 450 381 476 in
397 454 423 476 te
437 449 588 483 effundent,
605 454 670 484 quot
682 455 838 484 scommala,
851 455 976 485 quamam

189 494 424 522 subsannationem
435 515 443 528 ,
457 499 554 529 quanta
569 495 700 522 dedecora
710 516 717 529 ,
735 501 858 530 quantam
874 496 976 523 irrisio-

189 547 268 573 nem,
290 545 387 574 quanta
410 540 518 574 probra,
538 540 588 568 etsi
609 548 663 568 non
684 540 780 576 palam,
801 546 874 569 certe
888 541 914 568 in
928 548 976 569 sua

188 585 306 621 ipsorum
321 586 502 614 conscientia?

224 631 251 657 9.
267 630 380 658 Proinde
389 631 432 658 die
444 631 517 664 mihi,
531 631 648 659 haeccine
660 635 723 659 sunt
735 631 893 665 tolerabilia,
906 632 976 660 haec-

188 675 248 702 cine
262 674 389 702 ferenda?
402 676 514 703 Etiamsi
529 677 600 704 mille
618 682 719 705 mortes
733 677 786 704 sint
800 678 956 712 oppetenda:
965 698 974 711 ,

190 724 218 747 et
231 721 385 755 gravissima
401 721 538 748 toleranda
559 721 613 749 sint
627 722 713 755 mala,
733 730 821 749 nonne
833 723 916 749 multo
931 730 974 750 sa-

189 766 240 793 tius
253 771 310 793 erat
324 774 416 794 omnes
438 766 496 793 illas
519 767 622 801 perpeti
644 767 825 800 calamitates,
846 775 925 802 quam
948 771 975 795 ut

189 811 239 839 iste
253 812 425 839 scelestorum
442 813 511 840 risus
524 816 551 840 et
563 813 734 840 subsannatio
751 813 826 841 fieret
837 833 844 846 ,
859 821 890 841 ac
904 821 975 848 prie-

189 861 261 884 terea
274 864 333 884 cum
347 857 416 884 mala
428 857 588 885 conscientia
600 857 752 885 viveretur?
765 858 827 885 Haec
841 866 893 885 non
903 858 974 892 dico,

188 907 216 929 ut
229 902 342 930 audiatis
355 906 466 936 tantum,
480 911 571 930 verum
585 903 664 931 etiam
681 907 709 930 ut
721 903 763 931 his
784 903 885 930 morbis
901 903 976 931 labo-

188 952 277 976 rantes
291 949 400 976 sanetis.
413 949 639 981 Quemadmodum
653 949 723 976 enim
739 948 799 976 illos
813 949 974 982 incusamus,

187 994 258 1028 quod
273 993 375 1021 infirma
391 995 443 1021 sint
459 994 509 1022 fide
523 1003 530 1021 :
544 995 582 1022 sic
594 999 621 1022 et
633 1002 692 1028 vos,
704 995 774 1030 quod
788 995 907 1023 inlirmos
920 1003 977 1024 cor-

188 1039 273 1073 rigere
289 1047 341 1066 non
355 1040 450 1067 velitis.
462 1039 521 1067 Non
535 1040 614 1075 igitur
629 1040 680 1068 hoc
693 1045 734 1068 est
751 1041 821 1076 quod
836 1042 973 1076 qum-ritur,

187 1084 295 1117 dilecte,
309 1088 338 1111 ut
351 1084 403 1112 huc
416 1086 551 1120 ingressus
571 1089 673 1113 tantum
687 1086 793 1120 audias,
809 1095 869 1122 qua:
881 1087 975 1114 dicun-

188 1133 240 1155 tur.
252 1129 318 1156 Nam
342 1130 369 1157 id
389 1130 497 1165 quidem
512 1132 591 1159 etiam
612 1131 712 1159 crimen
726 1137 783 1164 est,
802 1140 862 1160 cum
878 1133 974 1161 auditis

188 1177 357 1203 sermonibus
382 1185 434 1204 non
458 1177 608 1212 adjungitur
632 1185 742 1213 operum
772 1179 973 1207 demonstratio.

186 1221 330 1257 Propterea
344 1222 511 1251 Christianus
523 1230 562 1257 es,
575 1228 604 1251 ut
616 1223 751 1251 Christum
767 1224 888 1258 imiteris,
903 1225 975 1260 ejus-

186 1275 238 1302 que
252 1268 353 1303 legibus
365 1276 465 1296 morem
478 1277 565 1304 geras.
580 1269 650 1303 Quid
663 1275 752 1298 autem
766 1270 810 1298 ille
822 1271 902 1298 fecit?
914 1271 973 1299 Non

186 1313 360 1349 Jerosolymis
374 1314 500 1342 desidens
514 1316 617 1342 vocavit
629 1316 663 1343 ad
678 1323 707 1343 se
721 1320 846 1352 wgrotos.
862 1316 910 1345 sed
924 1317 973 1344 ob-

186 1358 338 1386 ambulabat
355 1359 476 1387 civitates
496 1367 528 1387 ac
547 1360 619 1387 vicos
632 1382 638 1393 ,
653 1362 774 1395 geminos
786 1369 882 1389 curans
902 1370 974 1390 mor<

186 1402 244 1436 bos,
255 1407 309 1430 tum
319 1405 410 1437 animi,
421 1409 475 1432 tum
489 1406 618 1440 corporis.
632 1406 754 1433 Attamen
766 1410 869 1441 poterat
878 1407 972 1435 eodem

186 1448 212 1475 in
227 1448 285 1476 loco
298 1449 396 1476 sedens
417 1456 512 1477 omnes
532 1450 565 1477 ad
587 1458 617 1478 se
634 1450 792 1478 attrahere:
807 1459 859 1479 non
884 1456 972 1480 tamen

186 1493 236 1521 hoc
248 1493 319 1526 fecit,
334 1495 410 1522 nobis
425 1496 547 1530 prazbens
557 1496 718 1531 exemplum,
732 1501 761 1524 ut
771 1497 972 1526 obambulenius

185 1544 212 1567 et
236 1548 386 1576 quzeramus
405 1549 469 1574 eos,
493 1542 537 1576 qui
558 1546 679 1576 pereunt.
699 1542 801 1570 Rursus
822 1542 873 1570 hoc
892 1543 973 1571 etiam

185 1586 311 1620 parabola
324 1586 357 1614 de
371 1591 476 1621 pastore
490 1586 647 1622 significavit
659 1587 740 1622 (Luc.
756 1589 800 1615 15.
821 1589 896 1624 4-6).
912 1588 970 1616 Non

185 1631 256 1658 enim
270 1631 407 1659 desidebat
421 1639 482 1660 cum
497 1633 638 1668 nonaginta
651 1640 746 1660 novem
761 1633 864 1667 ovibus,
879 1641 974 1669 exspe-

184 1681 259 1704 ctans
273 1676 368 1710 donec,
381 1686 440 1713 quae
450 1679 638 1712 aberraverat,
653 1680 756 1707 veniret
767 1680 800 1707 ad
812 1681 913 1715 ipsum;
925 1681 972 1709 sed

184 1722 249 1749 abiit
263 1723 329 1757 ipse,
344 1727 370 1751 et
383 1724 504 1756 invenit,
519 1725 706 1760 inventamque
723 1729 837 1760 gustarit
855 1725 973 1755 humeris

184 1776 216 1796 ac
230 1769 343 1796 reduxit.
355 1770 451 1797 Annon
465 1770 539 1798 vides
552 1770 669 1798 medicos
690 1779 794 1806 quoque
816 1771 868 1800 hoc
885 1773 971 1807 ipsum

185 1813 289 1842 facere?
310 1814 369 1841 Non
383 1820 480 1849 cogunt
500 1820 613 1850 mgrotos
636 1815 705 1843 lecto
727 1816 915 1845 decumbentes
939 1818 972 1846 ad

185 1860 302 1894 ipsorum
315 1859 386 1887 mdes
400 1860 507 1893 deferri,
523 1860 568 1888 sed
585 1861 634 1896 ipsi
647 1867 789 1889 accurrunt
800 1863 832 1890 ad
847 1870 903 1890 eos.
916 1863 972 1891 Hoc

185 1910 212 1933 et
234 1911 260 1933 tu
286 1906 382 1939 facito,
405 1907 502 1934 dilecte
514 1927 521 1939 ,
543 1909 632 1935 sciens
646 1913 804 1943 prmsentem
819 1909 900 1936 vitam
913 1917 972 1938 esse

186 1951 294 1979 brevem
309 1972 316 1985 ,
331 1959 363 1979 ac
376 1952 425 1979 nisi
441 1952 497 1979 hmc
510 1953 582 1979 lucra
597 1953 777 1987 paraverimus
787 1974 795 1987 ,
810 1954 908 1981 nullam
923 1962 973 1982 nos

185 1997 239 2024 illic
252 1997 388 2024 habituros
402 2004 462 2025 esse
477 1998 600 2025 salutem.
613 1998 689 2032 Stepe
702 2007 753 2026 una
768 2000 856 2026 anima
867 2020 875 2033 ,
891 2007 970 2035 quam

185 2042 279 2069 lucrati
295 2042 439 2074 fuerimus,
454 2047 541 2077 potest
556 2043 785 2071 innumerabilium
802 2049 972 2079 peccatorum

186 2087 288 2121 pondus
301 2087 408 2114 abolere
418 2107 426 2120 ,
440 2088 587 2122 animzeque
601 2088 762 2117 redimenda
782 2089 838 2117 fieri
858 2091 972 2124 pretium

186 2133 213 2160 in
236 2133 281 2160 illo
302 2133 354 2161 die.
375 2133 467 2168 Cogita
488 2142 535 2161 cur
550 2136 685 2169 prophetze
696 2156 703 2168 ,
719 2143 766 2163 cur
778 2137 910 2170 apostoli,
925 2144 973 2164 cur

185 2178 258 2213 iusti,
271 2185 320 2205 eur
335 2177 488 2213 frequenter
501 2179 587 2214 angeli
604 2180 677 2207 missi
691 2180 744 2208 sint
754 2202 761 2214 ,
778 2188 826 2208 cur
838 2181 896 2216 ipse
911 2181 971 2208 uni-

186 2223 289 2258 genitus
305 2223 351 2251 Dei
367 2223 448 2251 Filius
460 2225 608 2253 advenerit.
619 2223 714 2252 Annon
732 2230 761 2252 ut
777 2227 898 2255 homines
911 2234 971 2255 ser-

186 2274 261 2297 varet
272 2270 283 2297 7
296 2269 390 2296 Annon
414 2275 442 2296 ut
457 2277 503 2297 eos
524 2274 648 2298 errantes
666 2270 813 2298 reduceret.
831 2271 887 2299 Hoc
902 2271 971 2299 idem

186 2323 248 2350 agas
269 2320 295 2342 tu
316 2324 421 2351 quoque
441 2324 488 2351 pro
507 2316 606 2343 viribus
621 2318 690 2350 tuis,
706 2325 837 2353 omneque
855 2318 970 2346 studium

187 2369 219 2389 ac
230 2361 434 2389 sollicitudinem
449 2362 588 2397 impendas
600 2362 633 2390 ad
647 2362 825 2391 reducendum
845 2371 892 2391 eos
903 2384 911 2397 ,
926 2364 971 2399 qui

188 2406 352 2433 aberrarunt.
367 2407 408 2434 Ad
422 2408 479 2434 haec
493 2415 541 2435 vos
553 2408 664 2443 singulis
681 2409 854 2436 coneiouibus
873 2409 970 2436 adhor<

188 2451 238 2478 tari
260 2458 312 2479 non
334 2459 409 2480 cesso
423 2461 430 2480 :
445 2453 500 2481 sive
522 2458 638 2481 mentem
662 2453 820 2488 adhibeatis,
842 2454 898 2482 sive
917 2461 970 2482 non

774 118 955 147 ADVERSUS
968 117 1114 147 JUDIEOS.
1130 119 1199 148 Vill.

1766 123 1816 150 9i!

1030 173 1188 207 adhibeatis,
1201 182 1250 211 ego
1264 175 1354 204 dicere
1366 183 1419 203 non
1429 175 1559 204 desinam.
1572 176 1637 204 Nam
1651 177 1718 205 hanc
1732 180 1815 214 legem

1031 220 1109 248 nobis
1120 220 1189 249 Deus
1202 222 1375 257 przescripsit,
1390 227 1419 250 ut
1432 223 1487 250 sive
1497 223 1609 250 audierit
1621 223 1690 258 quis,
1706 231 1751 251 seu
1764 233 1814 252 non

1029 266 1152 299 audierit,
1170 266 1220 294 hoc
1234 267 1409 295 ministerium
1426 268 1593 303 impleamus.
1605 268 1659 296 Sed
1669 269 1692 297 si
1709 270 1816 304 quidem

1028 312 1166 340 audieritis
1184 317 1211 341 et
1235 313 1351 341 feceritis
1374 321 1406 342 ea
1429 322 1488 350 quae
1506 314 1644 348 dicuntur,
1659 315 1740 342 multa
1755 323 1817 343 cum

1029 357 1166 392 voluptate
1178 357 1231 386 hoc
1243 359 1329 393 ipsum
1344 359 1491 391 faciemus;
1503 359 1544 386 sin
1561 365 1649 387 autem
1664 361 1815 395 neglexeri-

1030 402 1063 429 tis
1073 409 1104 429 ac
1115 402 1221 430 desides
1233 403 1336 431 fueritis
1345 425 1352 436 ,
1365 405 1448 431 multa
1461 412 1520 431 cum
1531 405 1647 432 tristitia.
1659 405 1741 433 Nobis
1754 407 1815 441 qui-

1028 446 1089 473 dem
1103 455 1135 474 ex
1150 452 1238 475 vestra
1253 448 1432 476 inobedientia
1446 449 1546 476 nullum
1561 449 1675 477 futurum
1688 455 1730 478 est
1744 450 1816 484 peri-

1028 491 1128 524 culum,
1143 492 1357 528 Quandoquidem
1368 493 1495 529 quidquid
1507 499 1563 521 erat
1576 500 1696 522 nostrum
1710 496 1815 531 praesti-

1029 536 1124 570 timus;
1147 541 1176 564 at
1198 545 1357 572 quamquam
1384 546 1437 565 non
1464 539 1646 573 periclitamur
1672 547 1744 573 nos,
1768 541 1814 575 qui

1029 582 1229 616 prtestiterimus
1240 583 1341 617 omnia,
1353 592 1412 619 qua:
1427 584 1452 611 in
1467 584 1544 611 nobis
1554 589 1625 617 sunt,
1640 584 1760 613 dolemus
1774 590 1814 613 ta-

1027 635 1088 654 men
1105 628 1175 662 quod
1189 636 1237 656 vos
1252 629 1392 656 accusandi
1414 629 1470 656 sitis
1493 630 1519 656 in
1534 630 1578 657 die
1593 630 1648 657 illo.
1662 630 1719 658 Non
1744 632 1814 659 enim

1027 671 1127 708 absque
1147 675 1263 709 periculo
1281 675 1357 702 vobis
1378 676 1429 702 erit
1443 676 1550 703 audisse
1561 697 1568 708 ,
1584 676 1606 703 si
1620 684 1673 704 non
1694 685 1816 705 accesse-

1027 717 1081 745 rint
1100 726 1191 754 opera.
1213 720 1280 747 Audi
1300 720 1378 755 igitur
1390 721 1523 755 quomodo
1540 720 1660 749 Christus
1686 729 1815 751 accusans

1026 762 1149 791 doctores
1171 772 1321 792 sermonem
1344 766 1515 799 occultantes,
1536 767 1616 794 etiam
1631 768 1672 800 iis,
1694 769 1738 803 qui
1762 768 1812 796 do-

1027 814 1129 842 centur,
1145 809 1276 844 loquatur.
1290 811 1355 838 Cum
1377 812 1448 839 enim
1466 812 1594 840 dixisset:
1612 813 1750 849 Oportebat
1763 815 1809 842 de-

1027 861 1119 890 ponere
1141 855 1272 890 pecuniam
1291 865 1372 884 meam
1391 858 1460 892 apud
1479 858 1636 892 mensarios;
1654 864 1682 887 et
1700 860 1814 895 adjecis-

1026 905 1067 928 set
1084 909 1091 928 :
1108 900 1161 936 Ego
1182 901 1281 929 veniens
1297 910 1353 929 cum
1372 911 1449 930 usura
1469 904 1553 937 utique
1570 905 1722 940 repeliissem
1743 907 1815 933 illam

1027 946 1133 982 (Matt/1.
1156 948 1202 976 25.
1222 947 1267 984 27)
1282 957 1290 975 :
1305 949 1430 981 ostendit,
1447 949 1516 984 quod
1539 955 1678 985 postquam
1701 951 1815 980 audierit

1026 992 1100 1026 (nam
1115 992 1172 1020 haec
1186 997 1227 1020 est
1241 994 1360 1028 pecunia:
1379 993 1521 1031 depositio)
1536 995 1580 1029 qui
1602 996 1704 1030 accepit
1717 996 1816 1024 doctri-

1026 1045 1098 1071 nam,
1113 1045 1220 1066 usuram
1241 1038 1328 1067 facere
1347 1039 1436 1072 debet,
1452 1044 1575 1075 tanquam
1591 1040 1698 1069 domino
1713 1042 1813 1076 repeti-

1025 1086 1096 1110 turo.
1118 1083 1204 1111 Usura
1229 1089 1317 1112 autem
1341 1084 1470 1112 doctrinae.
1493 1085 1558 1113 nihil
1580 1086 1652 1114 aliud
1674 1091 1715 1114 est
1734 1095 1813 1122 quam

1025 1136 1135 1164 operum
1157 1130 1295 1158 exhibitio.
1315 1131 1385 1165 Ergo
1405 1131 1529 1166 quoniam
1551 1139 1600 1159 nos
1612 1139 1717 1167 quoque
1729 1133 1814 1168 depo-

1025 1174 1127 1202 suimus
1148 1175 1286 1210 pecuniam
1309 1176 1335 1203 in
1359 1183 1437 1204 aures
1453 1181 1577 1204 vestras:
1594 1184 1702 1205 necesse
1722 1182 1763 1206 est
1785 1183 1813 1206 ut

1026 1226 1075 1247 vos
1098 1219 1215 1247 reddatis
1229 1227 1335 1248 usuram
1350 1220 1468 1255 domino,
1486 1221 1537 1248 hoc
1555 1226 1607 1256 est,
1629 1222 1741 1251 salutem
1761 1222 1814 1251 fra-

1027 1269 1095 1293 trum
1109 1271 1268 1293 vestrorum.
1283 1266 1374 1302 Itaque
1394 1267 1416 1294 si
1439 1268 1495 1295 hmc
1518 1267 1584 1302 ipsa,
1606 1276 1665 1304 qua:
1677 1268 1812 1304 dicuntur,

1026 1314 1127 1338 tantum
1144 1311 1319 1345 detinueritis,
1336 1312 1400 1339 nihil
1422 1319 1455 1340 ex
1470 1312 1509 1340 his
1529 1313 1730 1347 lucrifacientes,
1754 1322 1811 1343 mo-

1027 1362 1072 1384 tuo
1091 1365 1124 1385 ne
1138 1357 1245 1385 easdem
1264 1357 1332 1385 detis
1347 1365 1448 1393 pmnas,
1462 1365 1529 1393 quas
1546 1358 1621 1386 dedit
1635 1359 1690 1392 ille,
1705 1360 1750 1395 qui
1770 1360 1815 1388 do-

1025 1402 1129 1430 foderat
1142 1402 1280 1430 talentum.
1295 1402 1360 1430 Nam
1374 1403 1418 1430 ille
1435 1408 1574 1442 propterea
1592 1404 1713 1432 manibus
1725 1412 1757 1432 ac
1768 1413 1810 1440 pe-

1026 1447 1104 1475 dibus
1117 1447 1222 1475 viuctus
1236 1447 1261 1475 in
1273 1448 1398 1475 tenebras
1410 1449 1512 1482 ejectus
1525 1453 1566 1476 est
1580 1449 1734 1481 exteriores,
1747 1458 1814 1485 quo-

1024 1493 1096 1520 niam
1109 1500 1162 1520 non
1175 1493 1339 1528 deprompsit
1351 1493 1379 1520 in
1391 1494 1457 1521 alios
1468 1501 1527 1529 quae
1541 1494 1668 1521 audierat.
1685 1495 1723 1522 Ne
1733 1495 1814 1530 igitur

1024 1547 1073 1567 nos
1083 1546 1188 1574 quoque
1197 1539 1291 1567 eadem
1300 1539 1439 1574 patiamur,
1450 1547 1510 1567 eum
1521 1540 1565 1575 qui
1575 1540 1692 1575 quinque
1700 1541 1808 1575 talenta,

1024 1589 1052 1612 et
1062 1593 1122 1612 eum
1131 1586 1176 1621 qui
1187 1585 1240 1613 duo
1248 1585 1359 1621 accepit,
1371 1585 1518 1617 imitemur.
1531 1586 1634 1614 etiamsi
1646 1594 1812 1620 sermonem,

1023 1630 1127 1660 etiamsi
1138 1632 1286 1666 pecuniam,
1301 1631 1406 1659 etiamsi
1422 1632 1542 1667 corporis
1561 1632 1688 1665 laborem,
1706 1633 1812 1661 etiamm

1024 1684 1127 1712 preces,
1134 1681 1179 1704 aut
1188 1677 1259 1704 aliud
1266 1676 1400 1712 quidpiam
1407 1676 1433 1703 in
1443 1676 1553 1711 proximi
1561 1676 1672 1704 salutem
1680 1677 1813 1705 insumere

1024 1723 1180 1757 oportuerit,
1192 1730 1226 1749 ne
1232 1716 1384 1758 graventur,
1396 1726 1426 1750 ut
1436 1722 1619 1758 undecumque
1628 1723 1754 1750 talentum
1764 1731 1811 1751 uo-

1024 1768 1064 1795 bis
1070 1775 1086 1796 a
1094 1769 1146 1795 Deo
1155 1768 1278 1796 traditum
1286 1776 1334 1804 pro
1342 1776 1389 1796 sua
1398 1769 1507 1803 quisque
1514 1769 1819 1804 portionemultiplican-

1025 1818 1075 1847 tes,
1091 1815 1223 1849 possimus
1240 1815 1310 1841 illam
1321 1814 1424 1841 beatam
1440 1814 1532 1841 audire
1540 1821 1642 1845 vocem,
1652 1814 1734 1849 Euge,
1743 1823 1812 1842 serra

1024 1859 1087 1886 bone
1105 1863 1129 1885 et
1153 1858 1254 1893 ﬁdelia;
1270 1859 1297 1885 in
1317 1859 1404 1894 paucis
1428 1859 1499 1895 fuisti
1519 1859 1612 1892 ﬁdelia,
1630 1867 1709 1894 supra
1734 1860 1814 1887 multa

1024 1909 1048 1932 te
1061 1905 1209 1932 constituam
1217 1912 1227 1936 ;
1237 1905 1304 1931 intra
1316 1905 1343 1931 in
1355 1904 1475 1939 gaudium
1495 1904 1590 1931 dontim'
1603 1906 1638 1930 tui
1650 1903 1754 1940 (Matth.
1765 1905 1813 1939 25,

1024 1950 1085 1985 21);
1113 1958 1167 1985 quo
1195 1950 1272 1977 nobis
1299 1949 1422 1976 omnibus
1449 1949 1526 1983 potiri
1548 1949 1702 1984 contingat,
1727 1951 1812 1984 gratia

1024 1999 1053 2023 et
1075 1995 1237 2029 benignitate
1257 1994 1362 2021 Domini
1388 1993 1473 2021 nostri
1491 1993 1555 2021 Jesu
1577 1993 1684 2026 Christi,
1698 2001 1815 2028 quocum

1024 2044 1052 2067 et
1073 2047 1120 2075 per
1141 2047 1220 2075 quem
1240 2039 1311 2068 Patri
1328 2039 1430 2074 gloria,
1447 2043 1475 2066 et
1495 2039 1634 2073 imperium
1653 2039 1733 2066 simul
1751 2047 1812 2067 cum

1024 2090 1116 2114 sancto
1128 2086 1239 2121 Spiritu,
1252 2085 1279 2113 in
1292 2086 1388 2113 sarcula
1402 2085 1560 2113 saeculorum
1572 2093 1580 2118 ;
1594 2086 1706 2113 Amen'.

1055 2365 1063 2380 ¹
1076 2367 1184 2396 Dquss,
1197 2368 1259 2395 post.
1271 2368 1352 2394 Amen,
1363 2365 1455 2396 habent
1465 2368 1584 2396 gluma:
1591 2370 1646 2396 Deo,
1657 2369 1728 2393 Pater
1735 2370 1815 2392 noster

1022 2392 1048 2419 in
1057 2394 1144 2420 sanctis
1155 2392 1353 2426 [Ιιιῇιεοέιοηιιωέ
1370 2395 1513 2421 orationibus
1523 2396 1572 2422 suis
1580 2416 1587 2426 ,
1608 2392 1689 2422 contra
1705 2392 1813 2426 Iudicas,

1022 2432 1077 2457 qua
1098 2431 1142 2459 sea:
1159 2425 1323 2455 nmiterantur,
1336 2425 1408 2458 ﬁnem
1418 2426 1537 2459 imposuit.
1550 2425 1614 2452 Unus
1623 2432 1705 2452 autem
1718 2428 1791 2453 habet
1803 2433 1810 2439 '

1022 2456 1079 2487 Quae
1090 2456 1192 2488 quinque
1202 2456 1365 2482 numerantur.
