  <div class='ocr_page' id='page_1' title='image "/cluster/home/n/w/nwhite01/storage/ocr_20150623/47-48/njp.32101077772612/911.png"; bbox 0 0 2045 3116; ppageno 0'>
   <div class='ocr_carea' id='block_1_1' title="bbox 604 95 1530 128">
    <p class='ocr_par' dir='ltr' id='par_1_1' title="bbox 604 95 1530 128">
     <span class='ocr_line' id='line_1_1' title="bbox 604 95 1530 128; baseline -0.006 0"><span class='ocrx_word' id='word_1_1' title='bbox 604 101 631 128; x_wconf 78' lang='grc'><strong><em>5.</em></strong></span> <span class='ocrx_word' id='word_1_2' title='bbox 651 99 792 128; x_wconf 71' lang='lat' dir='ltr'><strong>JOANNIS</strong></span> <span class='ocrx_word' id='word_1_3' title='bbox 811 97 1057 126; x_wconf 62' lang='lat' dir='ltr'><strong><em>CllilYSOSTOSH</em></strong></span> <span class='ocrx_word' id='word_1_4' title='bbox 1077 98 1236 126; x_wconf 73' lang='lat' dir='ltr'><strong><em>ARCHIEP.</em></strong></span> <span class='ocrx_word' id='word_1_5' title='bbox 1257 95 1530 125; x_wconf 65' lang='lat' dir='ltr'><strong><em>CONS&#39;i&#39;ANTINOP.</em></strong></span> 
     </span>
    </p>
   </div>
   <div class='ocr_carea' id='block_1_2' title="bbox 347 193 1859 209">
    <p class='ocr_par' dir='ltr' id='par_1_2' title="bbox 347 193 1859 209">
     <span class='ocr_line' id='line_1_2' title="bbox 347 193 1859 209; baseline -0.001 1"><span class='ocrx_word' id='word_1_6' title='bbox 347 193 1859 209; x_wconf 40' lang='grc' dir='ltr'><strong><em>ΝΜ..-</em></strong></span> 
     </span>
    </p>
   </div>
   <div class='ocr_carea' id='block_1_3' title="bbox 367 305 1756 343">
    <p class='ocr_par' dir='ltr' id='par_1_3' title="bbox 367 305 1756 343">
     <span class='ocr_line' id='line_1_3' title="bbox 367 305 1756 343; baseline -0.004 -2"><span class='ocrx_word' id='word_1_7' title='bbox 367 313 403 342; x_wconf 87' lang='grc' dir='ltr'><strong><em>ΙΝ</em></strong></span> <span class='ocrx_word' id='word_1_8' title='bbox 422 310 627 341; x_wconf 72' lang='lat' dir='ltr'><strong><em>HOMILIAM</em></strong></span> <span class='ocrx_word' id='word_1_9' title='bbox 651 306 702 340; x_wconf 88' lang='lat' dir='ltr'><strong>DE</strong></span> <span class='ocrx_word' id='word_1_10' title='bbox 720 308 800 339; x_wconf 85' lang='lat' dir='ltr'><strong><em>NON</em></strong></span> <span class='ocrx_word' id='word_1_11' title='bbox 823 306 1235 339; x_wconf 75' lang='lat' dir='ltr'><strong><em>ANATHEMATIZANDIS</em></strong></span> <span class='ocrx_word' id='word_1_12' title='bbox 1253 306 1362 337; x_wconf 85' lang='lat' dir='ltr'>VIVIS</span> <span class='ocrx_word' id='word_1_13' title='bbox 1381 306 1515 343; x_wconf 80' lang='lat' dir='ltr'><strong><em>ATQUE</em></strong></span> <span class='ocrx_word' id='word_1_14' title='bbox 1538 305 1756 338; x_wconf 83' lang='lat' dir='ltr'><strong><em>DEFUNCTIS</em></strong></span> 
     </span>
    </p>
   </div>
   <div class='ocr_carea' id='block_1_4' title="bbox 1179 381 1184 393">
    <p class='ocr_par' dir='ltr' id='par_1_4' title="bbox 1179 381 1184 393">
     <span class='ocr_line' id='line_1_4' title="bbox 1179 381 1184 393; baseline 0 0"><span class='ocrx_word' id='word_1_15' title='bbox 1179 381 1184 393; x_wconf 53' lang='grc' dir='ltr'><strong>ἢ</strong></span> 
     </span>
    </p>
   </div>
   <div class='ocr_carea' id='block_1_5' title="bbox 905 438 1210 485">
    <p class='ocr_par' dir='ltr' id='par_1_5' title="bbox 905 438 1210 485">
     <span class='ocr_line' id='line_1_5' title="bbox 905 438 1210 485; baseline -0.007 0"><span class='ocrx_word' id='word_1_16' title='bbox 905 438 1210 485; x_wconf 86' lang='lat' dir='ltr'><strong><em>MONITUM.</em></strong></span> 
     </span>
    </p>
   </div>
   <div class='ocr_carea' id='block_1_6' title="bbox 285 689 1030 726">
    <p class='ocr_par' dir='ltr' id='par_1_6' title="bbox 285 689 1030 726">
     <span class='ocr_line' id='line_1_6' title="bbox 285 689 1030 726; baseline 0.003 -10"><span class='ocrx_word' id='word_1_17' title='bbox 285 689 345 723; x_wconf 85' lang='lat' dir='ltr'><strong><em>Quo</em></strong></span> <span class='ocrx_word' id='word_1_18' title='bbox 368 694 488 724; x_wconf 86' lang='lat' dir='ltr'><strong><em>tempore</em></strong></span> <span class='ocrx_word' id='word_1_19' title='bbox 506 690 577 717; x_wconf 87' lang='lat' dir='ltr'><strong><em>hanc</em></strong></span> <span class='ocrx_word' id='word_1_20' title='bbox 603 690 729 718; x_wconf 73' lang='lat' dir='ltr'><strong><em>habuerit</em></strong></span> <span class='ocrx_word' id='word_1_21' title='bbox 754 690 893 718; x_wconf 85' lang='lat' dir='ltr'><strong><em>homiliam</em></strong></span> <span class='ocrx_word' id='word_1_22' title='bbox 910 691 1030 726; x_wconf 76' lang='lat' dir='ltr'><strong><em>Chryso-</em></strong></span> 
     </span>
    </p>
   </div>
   <div class='ocr_carea' id='block_1_7' title="bbox 250 736 1031 771">
    <p class='ocr_par' dir='ltr' id='par_1_7' title="bbox 250 736 1031 771">
     <span class='ocr_line' id='line_1_7' title="bbox 250 736 1031 771; baseline 0 -8"><span class='ocrx_word' id='word_1_23' title='bbox 250 742 365 768; x_wconf 82' lang='lat' dir='ltr'><strong><em>stomns,</em></strong></span> <span class='ocrx_word' id='word_1_24' title='bbox 382 737 459 764; x_wconf 87' lang='lat' dir='ltr'><strong><em>initio</em></strong></span> <span class='ocrx_word' id='word_1_25' title='bbox 477 736 597 763; x_wconf 84' lang='lat' dir='ltr'><strong><em>declarat</em></strong></span> <span class='ocrx_word' id='word_1_26' title='bbox 622 736 679 771; x_wconf 87' lang='lat' dir='ltr'><strong><em>ipse</em></strong></span> <span class='ocrx_word' id='word_1_27' title='bbox 693 744 754 762; x_wconf 74' lang='lat' dir='ltr'><strong><em>cum</em></strong></span> <span class='ocrx_word' id='word_1_28' title='bbox 771 737 828 763; x_wconf 89' lang='lat' dir='ltr'><strong><em>ait:</em></strong></span> <span class='ocrx_word' id='word_1_29' title='bbox 854 736 945 770; x_wconf 83' lang='lat' dir='ltr'><strong><em>Nuper</em></strong></span> <span class='ocrx_word' id='word_1_30' title='bbox 961 736 1031 763; x_wconf 75' lang='lat' dir='ltr'><strong><em>vobis</em></strong></span> 
     </span>
    </p>
   </div>
   <div class='ocr_carea' id='block_1_8' title="bbox 248 781 1032 817">
    <p class='ocr_par' dir='ltr' id='par_1_8' title="bbox 248 781 1032 817">
     <span class='ocr_line' id='line_1_8' title="bbox 248 781 1032 817; baseline -0.001 -8"><span class='ocrx_word' id='word_1_31' title='bbox 248 783 280 809; x_wconf 85' lang='lat' dir='ltr'><strong><em>de</em></strong></span> <span class='ocrx_word' id='word_1_32' title='bbox 295 781 563 814; x_wconf 74' lang='lat' dir='ltr'><strong><em>incomprehensibilis</em></strong></span> <span class='ocrx_word' id='word_1_33' title='bbox 575 783 722 817; x_wconf 71' lang='lat' dir='ltr'><strong><em>cognitione</em></strong></span> <span class='ocrx_word' id='word_1_34' title='bbox 736 782 780 809; x_wconf 85' lang='lat' dir='ltr'><strong><em>Dei</em></strong></span> <span class='ocrx_word' id='word_1_35' title='bbox 793 783 935 814; x_wconf 74' lang='lat' dir='ltr'><strong><em>disserens,</em></strong></span> <span class='ocrx_word' id='word_1_36' title='bbox 948 783 1032 809; x_wconf 88' lang='lat' dir='ltr'><strong><em>multa</em></strong></span> 
     </span>
    </p>
   </div>
   <div class='ocr_carea' id='block_1_9' title="bbox 248 827 1031 862">
    <p class='ocr_par' dir='ltr' id='par_1_9' title="bbox 248 827 1031 862">
     <span class='ocr_line' id='line_1_9' title="bbox 248 827 1031 862; baseline 0.001 -8"><span class='ocrx_word' id='word_1_37' title='bbox 248 829 324 858; x_wconf 75' lang='lat' dir='ltr'><strong><em>verba</em></strong></span> <span class='ocrx_word' id='word_1_38' title='bbox 341 828 402 862; x_wconf 81' lang='lat' dir='ltr'><strong><em>feci.</em></strong></span> <span class='ocrx_word' id='word_1_39' title='bbox 421 837 452 854; x_wconf 87' lang='lat' dir='ltr'><strong><em>ac</em></strong></span> <span class='ocrx_word' id='word_1_40' title='bbox 473 833 527 854; x_wconf 88' lang='lat' dir='ltr'><strong><em>tum</em></strong></span> <span class='ocrx_word' id='word_1_41' title='bbox 540 827 736 862; x_wconf 87' lang='lat' dir='ltr'><strong><em>Scripturarum</em></strong></span> <span class='ocrx_word' id='word_1_42' title='bbox 754 828 869 859; x_wconf 78' lang='lat' dir='ltr'><strong><em>uocibus.</em></strong></span> <span class='ocrx_word' id='word_1_43' title='bbox 885 833 939 854; x_wconf 88' lang='lat' dir='ltr'><strong><em>tum</em></strong></span> <span class='ocrx_word' id='word_1_44' title='bbox 954 833 1031 855; x_wconf 83' lang='lat' dir='ltr'><strong><em>natu-</em></strong></span> 
     </span>
    </p>
   </div>
   <div class='ocr_carea' id='block_1_10' title="bbox 248 874 1031 908">
    <p class='ocr_par' dir='ltr' id='par_1_10' title="bbox 248 874 1031 908">
     <span class='ocr_line' id='line_1_10' title="bbox 248 874 1031 908; baseline 0 -8"><span class='ocrx_word' id='word_1_45' title='bbox 248 874 351 901; x_wconf 82' lang='lat' dir='ltr'><strong><em>ralibus</em></strong></span> <span class='ocrx_word' id='word_1_46' title='bbox 368 875 515 902; x_wconf 70' lang='lat' dir='ltr'><strong><em>ratiociniis</em></strong></span> <span class='ocrx_word' id='word_1_47' title='bbox 532 874 721 906; x_wconf 72' lang='lat' dir='ltr'><strong><em>demonstravi,</em></strong></span> <span class='ocrx_word' id='word_1_48' title='bbox 735 874 813 900; x_wconf 87' lang='lat' dir='ltr'><strong><em>etiam</em></strong></span> <span class='ocrx_word' id='word_1_49' title='bbox 829 874 892 908; x_wconf 78' lang='lat' dir='ltr'><strong><em>ipsis</em></strong></span> <span class='ocrx_word' id='word_1_50' title='bbox 913 874 1031 900; x_wconf 77' lang='lat' dir='ltr'><strong><em>invisibi-</em></strong></span> 
     </span>
    </p>
   </div>
   <div class='ocr_carea' id='block_1_11' title="bbox 247 918 1031 953">
    <p class='ocr_par' dir='ltr' id='par_1_11' title="bbox 247 918 1031 953">
     <span class='ocr_line' id='line_1_11' title="bbox 247 918 1031 953; baseline 0 -7"><span class='ocrx_word' id='word_1_51' title='bbox 247 919 317 946; x_wconf 80' lang='lat' dir='ltr'><strong><em>libus</em></strong></span> <span class='ocrx_word' id='word_1_52' title='bbox 339 919 480 946; x_wconf 71' lang='lat' dir='ltr'><strong><em>virtutibus</em></strong></span> <span class='ocrx_word' id='word_1_53' title='bbox 500 919 661 945; x_wconf 73' lang='lat' dir='ltr'><strong><em>inaccessam</em></strong></span> <span class='ocrx_word' id='word_1_54' title='bbox 685 927 793 953; x_wconf 79' lang='lat' dir='ltr'><strong><em>prorsus</em></strong></span> <span class='ocrx_word' id='word_1_55' title='bbox 823 927 877 946; x_wconf 81' lang='lat' dir='ltr'><strong><em>esse</em></strong></span> <span class='ocrx_word' id='word_1_56' title='bbox 905 918 1031 946; x_wconf 72' lang='lat' dir='ltr'><strong><em>Numinis</em></strong></span> 
     </span>
    </p>
   </div>
   <div class='ocr_carea' id='block_1_12' title="bbox 247 965 1032 1000">
    <p class='ocr_par' dir='ltr' id='par_1_12' title="bbox 247 965 1032 1000">
     <span class='ocr_line' id='line_1_12' title="bbox 247 965 1032 1000; baseline 0 -8"><span class='ocrx_word' id='word_1_57' title='bbox 247 965 524 998; x_wconf 82' lang='lat' dir='ltr'><strong><em>comprehensionem;</em></strong></span> <span class='ocrx_word' id='word_1_58' title='bbox 549 965 603 991; x_wconf 75' lang='lat' dir='ltr'><strong><em>illis</em></strong></span> <span class='ocrx_word' id='word_1_59' title='bbox 627 965 746 997; x_wconf 73' lang='lat' dir='ltr'><strong><em>scilicet,</em></strong></span> <span class='ocrx_word' id='word_1_60' title='bbox 765 973 823 1000; x_wconf 73' lang='lat' dir='ltr'><strong><em>qute</em></strong></span> <span class='ocrx_word' id='word_1_61' title='bbox 849 966 966 992; x_wconf 77' lang='lat' dir='ltr'><strong><em>nmteriw</em></strong></span> <span class='ocrx_word' id='word_1_62' title='bbox 987 974 1032 992; x_wconf 64' lang='lat' dir='ltr'><strong><em>ex-</em></strong></span> 
     </span>
    </p>
   </div>
   <div class='ocr_carea' id='block_1_13' title="bbox 248 1012 1030 1047">
    <p class='ocr_par' dir='ltr' id='par_1_13' title="bbox 248 1012 1030 1047">
     <span class='ocr_line' id='line_1_13' title="bbox 248 1012 1030 1047; baseline 0 -9"><span class='ocrx_word' id='word_1_63' title='bbox 248 1016 346 1045; x_wconf 73' lang='lat' dir='ltr'><strong><em>pertem</em></strong></span> <span class='ocrx_word' id='word_1_64' title='bbox 361 1016 385 1038; x_wconf 83' lang='lat' dir='ltr'><strong><em>et</em></strong></span> <span class='ocrx_word' id='word_1_65' title='bbox 403 1012 505 1038; x_wconf 78' lang='lat' dir='ltr'><strong><em>beatam</em></strong></span> <span class='ocrx_word' id='word_1_66' title='bbox 527 1012 607 1038; x_wconf 78' lang='lat' dir='ltr'><strong><em>vitam</em></strong></span> <span class='ocrx_word' id='word_1_67' title='bbox 628 1017 709 1046; x_wconf 89' lang='lat' dir='ltr'><strong><em>agunt</em></strong></span> <span class='ocrx_word' id='word_1_68' title='bbox 721 1019 730 1037; x_wconf 92' lang='lat'><em>:</em></span> <span class='ocrx_word' id='word_1_69' title='bbox 751 1020 847 1044; x_wconf 85' lang='lat' dir='ltr'><strong><em>nosque</em></strong></span> <span class='ocrx_word' id='word_1_70' title='bbox 872 1017 968 1041; x_wconf 87' lang='lat' dir='ltr'><strong><em>tamen.</em></strong></span> <span class='ocrx_word' id='word_1_71' title='bbox 986 1013 1030 1047; x_wconf 88' lang='lat' dir='ltr'><strong><em>qui</em></strong></span> 
     </span>
    </p>
   </div>
   <div class='ocr_carea' id='block_1_14' title="bbox 247 1058 1030 1094">
    <p class='ocr_par' dir='ltr' id='par_1_14' title="bbox 247 1058 1030 1094">
     <span class='ocr_line' id='line_1_14' title="bbox 247 1058 1030 1094; baseline 0.004 -11"><span class='ocrx_word' id='word_1_72' title='bbox 247 1058 276 1090; x_wconf 77' lang='lat' dir='ltr'><strong><em>in</em></strong></span> <span class='ocrx_word' id='word_1_73' title='bbox 295 1059 367 1084; x_wconf 87' lang='lat' dir='ltr'><strong><em>omni</em></strong></span> <span class='ocrx_word' id='word_1_74' title='bbox 382 1058 493 1084; x_wconf 80' lang='lat' dir='ltr'><strong><em>mollitie</em></strong></span> <span class='ocrx_word' id='word_1_75' title='bbox 507 1063 585 1092; x_wconf 84' lang='lat' dir='ltr'><strong><em>atque</em></strong></span> <span class='ocrx_word' id='word_1_76' title='bbox 596 1059 700 1093; x_wconf 83' lang='lat' dir='ltr'><strong><em>ignavia</em></strong></span> <span class='ocrx_word' id='word_1_77' title='bbox 716 1060 795 1086; x_wconf 74' lang='lat' dir='ltr'><strong><em>vitam</em></strong></span> <span class='ocrx_word' id='word_1_78' title='bbox 813 1060 964 1094; x_wconf 78' lang='lat' dir='ltr'><strong><em>degimus...</em></strong></span> <span class='ocrx_word' id='word_1_79' title='bbox 976 1068 1030 1086; x_wconf 82' lang='lat' dir='ltr'><strong><em>rem</em></strong></span> 
     </span>
    </p>
   </div>
   <div class='ocr_carea' id='block_1_15' title="bbox 247 1103 1031 1140">
    <p class='ocr_par' dir='ltr' id='par_1_15' title="bbox 247 1103 1031 1140">
     <span class='ocr_line' id='line_1_15' title="bbox 247 1103 1031 1140; baseline 0.003 -10"><span class='ocrx_word' id='word_1_80' title='bbox 247 1103 424 1130; x_wconf 72' lang='lat' dir='ltr'><strong><em>inuisibilibus</em></strong></span> <span class='ocrx_word' id='word_1_81' title='bbox 443 1104 597 1131; x_wconf 75' lang='lat' dir='ltr'><strong><em>substantiis</em></strong></span> <span class='ocrx_word' id='word_1_82' title='bbox 612 1106 716 1139; x_wconf 79' lang='lat' dir='ltr'><strong><em>penitus</em></strong></span> <span class='ocrx_word' id='word_1_83' title='bbox 737 1106 853 1139; x_wconf 83' lang='lat' dir='ltr'><strong><em>ignotam</em></strong></span> <span class='ocrx_word' id='word_1_84' title='bbox 870 1106 974 1140; x_wconf 78' lang='lat' dir='ltr'><strong><em>assequi</em></strong></span> <span class='ocrx_word' id='word_1_85' title='bbox 988 1113 1031 1132; x_wconf 81' lang='lat' dir='ltr'><strong><em>c0-</em></strong></span> 
     </span>
    </p>
   </div>
   <div class='ocr_carea' id='block_1_16' title="bbox 247 1150 1032 1186">
    <p class='ocr_par' dir='ltr' id='par_1_16' title="bbox 247 1150 1032 1186">
     <span class='ocr_line' id='line_1_16' title="bbox 247 1150 1032 1186; baseline 0.003 -10"><span class='ocrx_word' id='word_1_86' title='bbox 247 1151 318 1183; x_wconf 84' lang='lat' dir='ltr'><strong><em>nari,</em></strong></span> <span class='ocrx_word' id='word_1_87' title='bbox 332 1155 383 1178; x_wconf 85' lang='lat' dir='ltr'><strong><em>etc.</em></strong></span> <span class='ocrx_word' id='word_1_88' title='bbox 408 1150 470 1178; x_wconf 68' lang='lat' dir='ltr'><strong><em>Haec</em></strong></span> <span class='ocrx_word' id='word_1_89' title='bbox 494 1158 560 1178; x_wconf 86' lang='lat' dir='ltr'><strong><em>vero</em></strong></span> <span class='ocrx_word' id='word_1_90' title='bbox 586 1151 704 1178; x_wconf 77' lang='lat' dir='ltr'><strong><em>maxime</em></strong></span> <span class='ocrx_word' id='word_1_91' title='bbox 725 1155 872 1186; x_wconf 84' lang='lat' dir='ltr'><strong><em>pertractat</em></strong></span> <span class='ocrx_word' id='word_1_92' title='bbox 901 1152 1032 1178; x_wconf 84' lang='lat' dir='ltr'><strong><em>concione</em></strong></span> 
     </span>
    </p>
   </div>
   <div class='ocr_carea' id='block_1_17' title="bbox 248 1197 1030 1232">
    <p class='ocr_par' dir='ltr' id='par_1_17' title="bbox 248 1197 1030 1232">
     <span class='ocr_line' id='line_1_17' title="bbox 248 1197 1030 1232; baseline 0.001 -8"><span class='ocrx_word' id='word_1_93' title='bbox 248 1197 326 1224; x_wconf 83' lang='lat' dir='ltr'><strong><em>tertia</em></strong></span> <span class='ocrx_word' id='word_1_94' title='bbox 343 1197 376 1224; x_wconf 89' lang='lat' dir='ltr'><strong><em>de</em></strong></span> <span class='ocrx_word' id='word_1_95' title='bbox 390 1197 656 1232; x_wconf 87' lang='lat' dir='ltr'><strong><em>incomprcliensibili</em></strong></span> <span class='ocrx_word' id='word_1_96' title='bbox 672 1207 678 1223; x_wconf 88' lang='lat'>:</span> <span class='ocrx_word' id='word_1_97' title='bbox 693 1205 778 1231; x_wconf 82' lang='lat' dir='ltr'><strong><em>quare</em></strong></span> <span class='ocrx_word' id='word_1_98' title='bbox 800 1197 841 1224; x_wconf 88' lang='lat' dir='ltr'><strong><em>vel</em></strong></span> <span class='ocrx_word' id='word_1_99' title='bbox 866 1202 926 1232; x_wconf 85' lang='lat' dir='ltr'><strong><em>post</em></strong></span> <span class='ocrx_word' id='word_1_100' title='bbox 956 1198 1030 1225; x_wconf 84' lang='lat' dir='ltr'><strong><em>illam</em></strong></span> 
     </span>
    </p>
   </div>
   <div class='ocr_carea' id='block_1_18' title="bbox 248 1243 1032 1278">
    <p class='ocr_par' dir='ltr' id='par_1_18' title="bbox 248 1243 1032 1278">
     <span class='ocr_line' id='line_1_18' title="bbox 248 1243 1032 1278; baseline 0 -9"><span class='ocrx_word' id='word_1_101' title='bbox 248 1243 291 1270; x_wconf 89' lang='lat' dir='ltr'><strong><em>vel</em></strong></span> <span class='ocrx_word' id='word_1_102' title='bbox 318 1247 379 1276; x_wconf 86' lang='lat' dir='ltr'><strong><em>post</em></strong></span> <span class='ocrx_word' id='word_1_103' title='bbox 402 1243 521 1277; x_wconf 88' lang='lat' dir='ltr'><strong><em>aliquam</em></strong></span> <span class='ocrx_word' id='word_1_104' title='bbox 544 1251 576 1269; x_wconf 79' lang='lat' dir='ltr'><strong><em>ex</em></strong></span> <span class='ocrx_word' id='word_1_105' title='bbox 604 1244 782 1278; x_wconf 84' lang='lat' dir='ltr'><strong><em>sequentibus</em></strong></span> <span class='ocrx_word' id='word_1_106' title='bbox 810 1243 880 1270; x_wconf 87' lang='lat' dir='ltr'><strong><em>hanc</em></strong></span> <span class='ocrx_word' id='word_1_107' title='bbox 909 1243 1032 1271; x_wconf 76' lang='lat' dir='ltr'><strong><em>habuerit</em></strong></span> 
     </span>
    </p>
   </div>
   <div class='ocr_carea' id='block_1_19' title="bbox 249 1288 1031 1319">
    <p class='ocr_par' dir='ltr' id='par_1_19' title="bbox 249 1288 1031 1319">
     <span class='ocr_line' id='line_1_19' title="bbox 249 1288 1031 1319; baseline 0 -5"><span class='ocrx_word' id='word_1_108' title='bbox 249 1288 399 1319; x_wconf 90' lang='lat' dir='ltr'><strong><em>homiliam,</em></strong></span> <span class='ocrx_word' id='word_1_109' title='bbox 412 1294 532 1316; x_wconf 80' lang='lat' dir='ltr'><strong><em>vertente</em></strong></span> <span class='ocrx_word' id='word_1_110' title='bbox 548 1289 676 1316; x_wconf 87' lang='lat' dir='ltr'><strong><em>nimirum</em></strong></span> <span class='ocrx_word' id='word_1_111' title='bbox 692 1296 764 1315; x_wconf 87' lang='lat' dir='ltr'><strong><em>anno</em></strong></span> <span class='ocrx_word' id='word_1_112' title='bbox 777 1288 837 1315; x_wconf 75' lang='grc'><strong><em>586.</em></strong></span> <span class='ocrx_word' id='word_1_113' title='bbox 852 1288 950 1315; x_wconf 87' lang='lat' dir='ltr'><strong><em>Verum</em></strong></span> <span class='ocrx_word' id='word_1_114' title='bbox 970 1289 1031 1315; x_wconf 88' lang='lat' dir='ltr'><strong><em>licet</em></strong></span> 
     </span>
    </p>
   </div>
   <div class='ocr_carea' id='block_1_20' title="bbox 249 1333 1032 1370">
    <p class='ocr_par' dir='ltr' id='par_1_20' title="bbox 249 1333 1032 1370">
     <span class='ocr_line' id='line_1_20' title="bbox 249 1333 1032 1370; baseline -0.003 -8"><span class='ocrx_word' id='word_1_115' title='bbox 249 1333 306 1362; x_wconf 72' lang='lat' dir='ltr'><strong><em>haec</em></strong></span> <span class='ocrx_word' id='word_1_116' title='bbox 322 1336 451 1370; x_wconf 52' lang='lat' dir='ltr'><strong><em>temporis</em></strong></span> <span class='ocrx_word' id='word_1_117' title='bbox 465 1340 527 1362; x_wconf 80' lang='lat' dir='ltr'><strong><em>uela</em></strong></span> <span class='ocrx_word' id='word_1_118' title='bbox 548 1335 613 1362; x_wconf 82' lang='lat' dir='ltr'><strong><em>nulli</em></strong></span> <span class='ocrx_word' id='word_1_119' title='bbox 638 1335 785 1361; x_wconf 85' lang='lat' dir='ltr'><strong><em>dillicnltati</em></strong></span> <span class='ocrx_word' id='word_1_120' title='bbox 804 1335 922 1361; x_wconf 78' lang='lat' dir='ltr'><strong><em>obnoxia</em></strong></span> <span class='ocrx_word' id='word_1_121' title='bbox 941 1334 1032 1361; x_wconf 83' lang='lat' dir='ltr'><strong><em>vidca-</em></strong></span> 
     </span>
    </p>
   </div>
   <div class='ocr_carea' id='block_1_21' title="bbox 248 1381 1032 1414">
    <p class='ocr_par' dir='ltr' id='par_1_21' title="bbox 248 1381 1032 1414">
     <span class='ocr_line' id='line_1_21' title="bbox 248 1381 1032 1414; baseline 0.001 -8"><span class='ocrx_word' id='word_1_122' title='bbox 248 1385 305 1413; x_wconf 71' lang='lat' dir='ltr'><strong><em>tur,</em></strong></span> <span class='ocrx_word' id='word_1_123' title='bbox 332 1386 427 1408; x_wconf 74' lang='lat' dir='ltr'><strong><em>contra</em></strong></span> <span class='ocrx_word' id='word_1_124' title='bbox 442 1388 501 1407; x_wconf 82' lang='lat' dir='ltr'><strong><em>eam</em></strong></span> <span class='ocrx_word' id='word_1_125' title='bbox 529 1385 617 1407; x_wconf 78' lang='lat' dir='ltr'><strong><em>tamen</em></strong></span> <span class='ocrx_word' id='word_1_126' title='bbox 635 1381 736 1407; x_wconf 87' lang='lat' dir='ltr'><strong><em>inultas</em></strong></span> <span class='ocrx_word' id='word_1_127' title='bbox 766 1385 855 1407; x_wconf 84' lang='lat' dir='ltr'><strong><em>movct</em></strong></span> <span class='ocrx_word' id='word_1_128' title='bbox 869 1381 1032 1414; x_wconf 74' lang='lat' dir='ltr'><strong><em>qua-stiones</em></strong></span> 
     </span>
    </p>
   </div>
   <div class='ocr_carea' id='block_1_22' title="bbox 249 1426 1031 1460">
    <p class='ocr_par' dir='ltr' id='par_1_22' title="bbox 249 1426 1031 1460">
     <span class='ocr_line' id='line_1_22' title="bbox 249 1426 1031 1460; baseline -0.003 -6"><span class='ocrx_word' id='word_1_129' title='bbox 249 1427 456 1459; x_wconf 79' lang='lat' dir='ltr'><strong><em>&#39;l&#39;illcmontius,</em></strong></span> <span class='ocrx_word' id='word_1_130' title='bbox 483 1426 530 1460; x_wconf 92' lang='lat' dir='ltr'><strong><em>qui</em></strong></span> <span class='ocrx_word' id='word_1_131' title='bbox 557 1426 583 1453; x_wconf 89' lang='lat' dir='ltr'><strong><em>iu</em></strong></span> <span class='ocrx_word' id='word_1_132' title='bbox 604 1427 745 1453; x_wconf 81' lang='lat' dir='ltr'><strong><em>adversam</em></strong></span> <span class='ocrx_word' id='word_1_133' title='bbox 774 1427 831 1453; x_wconf 80' lang='lat' dir='ltr'><strong><em>abit</em></strong></span> <span class='ocrx_word' id='word_1_134' title='bbox 857 1427 1031 1453; x_wconf 82' lang='lat' dir='ltr'><strong><em>sententiain.</em></strong></span> 
     </span>
    </p>
   </div>
   <div class='ocr_carea' id='block_1_23' title="bbox 246 1471 1033 1506">
    <p class='ocr_par' dir='ltr' id='par_1_23' title="bbox 246 1471 1033 1506">
     <span class='ocr_line' id='line_1_23' title="bbox 246 1471 1033 1506; baseline -0.004 -6"><span class='ocrx_word' id='word_1_135' title='bbox 246 1472 326 1503; x_wconf 70' lang='lat' dir='ltr'><strong><em>Nam,</em></strong></span> <span class='ocrx_word' id='word_1_136' title='bbox 342 1473 439 1506; x_wconf 89' lang='lat' dir='ltr'><strong><em>inquit,</em></strong></span> <span class='ocrx_word' id='word_1_137' title='bbox 455 1471 574 1499; x_wconf 80' lang='lat' dir='ltr'><strong><em>humilia:</em></strong></span> <span class='ocrx_word' id='word_1_138' title='bbox 591 1472 672 1505; x_wconf 83' lang='lat' dir='ltr'><strong><em>hujus</em></strong></span> <span class='ocrx_word' id='word_1_139' title='bbox 690 1473 831 1498; x_wconf 73' lang='lat' dir='ltr'><strong><em>exordium</em></strong></span> <span class='ocrx_word' id='word_1_140' title='bbox 861 1480 915 1499; x_wconf 91' lang='lat' dir='ltr'><strong><em>non</em></strong></span> <span class='ocrx_word' id='word_1_141' title='bbox 942 1471 1033 1498; x_wconf 68' lang='lat' dir='ltr'><strong><em>cohae-</em></strong></span> 
     </span>
    </p>
   </div>
   <div class='ocr_carea' id='block_1_24' title="bbox 249 1517 1033 1552">
    <p class='ocr_par' dir='ltr' id='par_1_24' title="bbox 249 1517 1033 1552">
     <span class='ocr_line' id='line_1_24' title="bbox 249 1517 1033 1552; baseline -0.004 -7"><span class='ocrx_word' id='word_1_142' title='bbox 249 1522 290 1545; x_wconf 68' lang='lat' dir='ltr'><strong><em>ret</em></strong></span> <span class='ocrx_word' id='word_1_143' title='bbox 304 1525 364 1544; x_wconf 91' lang='lat' dir='ltr'><strong><em>cum</em></strong></span> <span class='ocrx_word' id='word_1_144' title='bbox 383 1517 561 1551; x_wconf 65' lang='lat' dir='ltr'><strong><em>sequentibus</em></strong></span> <span class='ocrx_word' id='word_1_145' title='bbox 579 1517 667 1544; x_wconf 89' lang='lat' dir='ltr'><strong><em>verbis</em></strong></span> <span class='ocrx_word' id='word_1_146' title='bbox 682 1517 765 1548; x_wconf 81' lang='lat' dir='ltr'><strong><em>hisce,</em></strong></span> <span class='ocrx_word' id='word_1_147' title='bbox 779 1518 844 1552; x_wconf 76' lang='grc' dir='ltr'>φέρε</span> <span class='ocrx_word' id='word_1_148' title='bbox 857 1517 890 1551; x_wconf 80' lang='grc' dir='ltr'><strong><em>δὴ</em></strong></span> <span class='ocrx_word' id='word_1_149' title='bbox 904 1517 950 1543; x_wconf 74' lang='grc' dir='ltr'><strong><em>καὶ</em></strong></span> <span class='ocrx_word' id='word_1_150' title='bbox 968 1517 1033 1552; x_wconf 77' lang='grc' dir='ltr'>περὶ</span> 
     </span>
    </p>
   </div>
   <div class='ocr_carea' id='block_1_25' title="bbox 247 1562 1031 1598">
    <p class='ocr_par' dir='ltr' id='par_1_25' title="bbox 247 1562 1031 1598">
     <span class='ocr_line' id='line_1_25' title="bbox 247 1562 1031 1598; baseline 0.001 -10"><span class='ocrx_word' id='word_1_151' title='bbox 247 1562 428 1598; x_wconf 72' lang='grc' dir='ltr'><strong><em>ἀναθέματος,</em></strong></span> <span class='ocrx_word' id='word_1_152' title='bbox 450 1563 494 1590; x_wconf 86' lang='lat' dir='ltr'><strong><em>ubi</em></strong></span> <span class='ocrx_word' id='word_1_153' title='bbox 511 1570 590 1589; x_wconf 91' lang='lat' dir='ltr'><strong><em>suum</em></strong></span> <span class='ocrx_word' id='word_1_154' title='bbox 605 1563 638 1589; x_wconf 87' lang='lat' dir='ltr'><strong><em>de</em></strong></span> <span class='ocrx_word' id='word_1_155' title='bbox 654 1563 824 1589; x_wconf 88' lang='lat' dir='ltr'><strong><em>anathemate</em></strong></span> <span class='ocrx_word' id='word_1_156' title='bbox 843 1567 1031 1597; x_wconf 76' lang='lat' dir='ltr'><strong><em>argumentum</em></strong></span> 
     </span>
    </p>
   </div>
   <div class='ocr_carea' id='block_1_26' title="bbox 249 1608 1032 1643">
    <p class='ocr_par' dir='ltr' id='par_1_26' title="bbox 249 1608 1032 1643">
     <span class='ocr_line' id='line_1_26' title="bbox 249 1608 1032 1643; baseline 0 -9"><span class='ocrx_word' id='word_1_157' title='bbox 249 1613 367 1635; x_wconf 78' lang='lat' dir='ltr'><strong><em>tractare</em></strong></span> <span class='ocrx_word' id='word_1_158' title='bbox 383 1609 478 1642; x_wconf 79' lang='lat' dir='ltr'><strong><em>incipit</em></strong></span> <span class='ocrx_word' id='word_1_159' title='bbox 508 1608 738 1642; x_wconf 85' lang='lat' dir='ltr'><strong><em>Chrysostomus:</em></strong></span> <span class='ocrx_word' id='word_1_160' title='bbox 758 1615 843 1643; x_wconf 85' lang='lat' dir='ltr'><strong><em>quare</em></strong></span> <span class='ocrx_word' id='word_1_161' title='bbox 872 1608 1032 1634; x_wconf 88' lang='lat' dir='ltr'><strong><em>intermedia</em></strong></span> 
     </span>
    </p>
   </div>
   <div class='ocr_carea' id='block_1_27' title="bbox 245 1652 1033 1688">
    <p class='ocr_par' dir='ltr' id='par_1_27' title="bbox 245 1652 1033 1688">
     <span class='ocr_line' id='line_1_27' title="bbox 245 1652 1033 1688; baseline -0.003 -8"><span class='ocrx_word' id='word_1_162' title='bbox 245 1653 333 1682; x_wconf 72' lang='lat' dir='ltr'><strong><em>suulta</em></strong></span> <span class='ocrx_word' id='word_1_163' title='bbox 353 1654 444 1680; x_wconf 82' lang='lat' dir='ltr'><strong><em>desint</em></strong></span> <span class='ocrx_word' id='word_1_164' title='bbox 464 1657 582 1688; x_wconf 81' lang='lat' dir='ltr'><strong><em>oportet,</em></strong></span> <span class='ocrx_word' id='word_1_165' title='bbox 600 1653 710 1688; x_wconf 81' lang='lat' dir='ltr'><strong><em>quando</em></strong></span> <span class='ocrx_word' id='word_1_166' title='bbox 729 1653 849 1679; x_wconf 81' lang='lat' dir='ltr'><strong><em>maxime</em></strong></span> <span class='ocrx_word' id='word_1_167' title='bbox 865 1653 944 1686; x_wconf 76' lang='lat' dir='ltr'><strong><em>longe</em></strong></span> <span class='ocrx_word' id='word_1_168' title='bbox 971 1652 1033 1679; x_wconf 86' lang='lat' dir='ltr'><strong><em>bre-</em></strong></span> 
     </span>
    </p>
   </div>
   <div class='ocr_carea' id='block_1_28' title="bbox 248 1698 1030 1734">
    <p class='ocr_par' dir='ltr' id='par_1_28' title="bbox 248 1698 1030 1734">
     <span class='ocr_line' id='line_1_28' title="bbox 248 1698 1030 1734; baseline -0.001 -8"><span class='ocrx_word' id='word_1_169' title='bbox 248 1701 309 1726; x_wconf 87' lang='lat' dir='ltr'><strong><em>vior</em></strong></span> <span class='ocrx_word' id='word_1_170' title='bbox 328 1700 438 1726; x_wconf 86' lang='lat' dir='ltr'><strong><em>bomilia</em></strong></span> <span class='ocrx_word' id='word_1_171' title='bbox 462 1704 504 1726; x_wconf 84' lang='lat' dir='ltr'><strong><em>est</em></strong></span> <span class='ocrx_word' id='word_1_172' title='bbox 527 1707 609 1734; x_wconf 88' lang='lat' dir='ltr'><strong><em>quam</em></strong></span> <span class='ocrx_word' id='word_1_173' title='bbox 626 1699 732 1727; x_wconf 83' lang='lat' dir='ltr'><strong><em>soleant</em></strong></span> <span class='ocrx_word' id='word_1_174' title='bbox 756 1698 944 1734; x_wconf 78' lang='lat' dir='ltr'><strong><em>Chrysostomi</em></strong></span> <span class='ocrx_word' id='word_1_175' title='bbox 961 1705 1030 1726; x_wconf 89' lang='lat' dir='ltr'><strong><em>esse.</em></strong></span> 
     </span>
    </p>
   </div>
   <div class='ocr_carea' id='block_1_29' title="bbox 248 1744 1032 1781">
    <p class='ocr_par' dir='ltr' id='par_1_29' title="bbox 248 1744 1032 1781">
     <span class='ocr_line' id='line_1_29' title="bbox 248 1744 1032 1781; baseline -0.005 -7"><span class='ocrx_word' id='word_1_176' title='bbox 248 1746 342 1781; x_wconf 64' lang='lat' dir='ltr'><strong><em>hcque</em></strong></span> <span class='ocrx_word' id='word_1_177' title='bbox 370 1753 434 1772; x_wconf 86' lang='lat' dir='ltr'><strong><em>vero</em></strong></span> <span class='ocrx_word' id='word_1_178' title='bbox 458 1746 503 1772; x_wconf 87' lang='lat' dir='ltr'><strong><em>hic</em></strong></span> <span class='ocrx_word' id='word_1_179' title='bbox 529 1745 644 1780; x_wconf 75' lang='lat' dir='ltr'><strong><em>gradum</em></strong></span> <span class='ocrx_word' id='word_1_180' title='bbox 665 1745 748 1775; x_wconf 83' lang='lat' dir='ltr'><strong><em>sistit,</em></strong></span> <span class='ocrx_word' id='word_1_181' title='bbox 768 1744 816 1771; x_wconf 86' lang='lat' dir='ltr'><strong><em>sed</em></strong></span> <span class='ocrx_word' id='word_1_182' title='bbox 848 1749 924 1778; x_wconf 87' lang='lat' dir='ltr'><strong><em>putat</em></strong></span> <span class='ocrx_word' id='word_1_183' title='bbox 945 1748 1032 1771; x_wconf 89' lang='lat' dir='ltr'><strong><em>totum</em></strong></span> 
     </span>
    </p>
   </div>
   <div class='ocr_carea' id='block_1_30' title="bbox 247 1789 1030 1819">
    <p class='ocr_par' dir='ltr' id='par_1_30' title="bbox 247 1789 1030 1819">
     <span class='ocr_line' id='line_1_30' title="bbox 247 1789 1030 1819; baseline -0.004 0"><span class='ocrx_word' id='word_1_184' title='bbox 247 1792 391 1819; x_wconf 76' lang='lat' dir='ltr'><strong><em>exordium</em></strong></span> <span class='ocrx_word' id='word_1_185' title='bbox 416 1791 527 1818; x_wconf 84' lang='lat' dir='ltr'><strong><em>aliunde</em></strong></span> <span class='ocrx_word' id='word_1_186' title='bbox 558 1791 700 1817; x_wconf 77' lang='lat' dir='ltr'><strong><em>adrectum</em></strong></span> <span class='ocrx_word' id='word_1_187' title='bbox 725 1795 752 1817; x_wconf 91' lang='lat' dir='ltr'><strong><em>ct</em></strong></span> <span class='ocrx_word' id='word_1_188' title='bbox 775 1794 900 1817; x_wconf 87' lang='lat' dir='ltr'><strong><em>assutum</em></strong></span> <span class='ocrx_word' id='word_1_189' title='bbox 927 1789 1030 1817; x_wconf 79' lang='lat' dir='ltr'><strong><em>fuisse:</em></strong></span> 
     </span>
    </p>
   </div>
   <div class='ocr_carea' id='block_1_31' title="bbox 249 1835 1034 1872">
    <p class='ocr_par' dir='ltr' id='par_1_31' title="bbox 249 1835 1034 1872">
     <span class='ocr_line' id='line_1_31' title="bbox 249 1835 1034 1872; baseline -0.001 -9"><span class='ocrx_word' id='word_1_190' title='bbox 249 1845 309 1872; x_wconf 78' lang='lat' dir='ltr'><strong><em>qua:</em></strong></span> <span class='ocrx_word' id='word_1_191' title='bbox 337 1842 426 1863; x_wconf 86' lang='lat' dir='ltr'><strong><em>autem</em></strong></span> <span class='ocrx_word' id='word_1_192' title='bbox 455 1837 488 1864; x_wconf 87' lang='lat' dir='ltr'><strong><em>de</em></strong></span> <span class='ocrx_word' id='word_1_193' title='bbox 515 1836 690 1863; x_wconf 81' lang='lat' dir='ltr'><strong><em>anathemate</em></strong></span> <span class='ocrx_word' id='word_1_194' title='bbox 719 1835 941 1870; x_wconf 78' lang='lat' dir='ltr'><strong><em>subjunguntur,</em></strong></span> <span class='ocrx_word' id='word_1_195' title='bbox 971 1839 1034 1869; x_wconf 84' lang='lat' dir='ltr'><strong><em>post</em></strong></span> 
     </span>
    </p>
   </div>
   <div class='ocr_carea' id='block_1_32' title="bbox 248 1881 1031 1916">
    <p class='ocr_par' dir='ltr' id='par_1_32' title="bbox 248 1881 1031 1916">
     <span class='ocr_line' id='line_1_32' title="bbox 248 1881 1031 1916; baseline -0.004 -6"><span class='ocrx_word' id='word_1_196' title='bbox 248 1888 362 1911; x_wconf 85' lang='lat' dir='ltr'><strong><em>mortem</em></strong></span> <span class='ocrx_word' id='word_1_197' title='bbox 373 1883 479 1910; x_wconf 83' lang='lat' dir='ltr'><strong><em>Paulini</em></strong></span> <span class='ocrx_word' id='word_1_198' title='bbox 494 1883 667 1913; x_wconf 83' lang='lat' dir='ltr'><strong><em>Antiuclieui,</em></strong></span> <span class='ocrx_word' id='word_1_199' title='bbox 683 1889 744 1916; x_wconf 63' lang='lat' dir='ltr'><strong><em>qua;</em></strong></span> <span class='ocrx_word' id='word_1_200' title='bbox 761 1889 834 1908; x_wconf 90' lang='lat' dir='ltr'><strong><em>anno</em></strong></span> <span class='ocrx_word' id='word_1_201' title='bbox 849 1881 901 1908; x_wconf 64' lang='lat'><strong><em>588</em></strong></span> <span class='ocrx_word' id='word_1_202' title='bbox 921 1881 1031 1912; x_wconf 85' lang='lat' dir='ltr'><strong><em>accidit,</em></strong></span> 
     </span>
    </p>
   </div>
   <div class='ocr_carea' id='block_1_33' title="bbox 246 1927 1032 1964">
    <p class='ocr_par' dir='ltr' id='par_1_33' title="bbox 246 1927 1032 1964">
     <span class='ocr_line' id='line_1_33' title="bbox 246 1927 1032 1964; baseline -0.004 -7"><span class='ocrx_word' id='word_1_203' title='bbox 246 1929 319 1957; x_wconf 82' lang='lat' dir='ltr'><strong><em>edita</em></strong></span> <span class='ocrx_word' id='word_1_204' title='bbox 337 1930 421 1957; x_wconf 75' lang='lat' dir='ltr'><strong><em>fuisse</em></strong></span> <span class='ocrx_word' id='word_1_205' title='bbox 437 1930 525 1963; x_wconf 69' lang='lat' dir='ltr'><strong><em>arguit</em></strong></span> <span class='ocrx_word' id='word_1_206' title='bbox 540 1937 573 1956; x_wconf 80' lang='lat' dir='ltr'><strong><em>ex</em></strong></span> <span class='ocrx_word' id='word_1_207' title='bbox 585 1928 772 1964; x_wconf 74' lang='lat' dir='ltr'><strong><em>(Ihrysostomi</em></strong></span> <span class='ocrx_word' id='word_1_208' title='bbox 790 1928 889 1959; x_wconf 86' lang='lat' dir='ltr'><strong><em>verbis,</em></strong></span> <span class='ocrx_word' id='word_1_209' title='bbox 913 1935 973 1962; x_wconf 81' lang='lat' dir='ltr'><strong><em>quae</em></strong></span> <span class='ocrx_word' id='word_1_210' title='bbox 992 1927 1032 1954; x_wconf 84' lang='lat' dir='ltr'><strong><em>sic</em></strong></span> 
     </span>
    </p>
   </div>
   <div class='ocr_carea' id='block_1_34' title="bbox 247 1975 1031 2010">
    <p class='ocr_par' dir='ltr' id='par_1_34' title="bbox 247 1975 1031 2010">
     <span class='ocr_line' id='line_1_34' title="bbox 247 1975 1031 2010; baseline -0.005 -7"><span class='ocrx_word' id='word_1_211' title='bbox 247 1976 305 2010; x_wconf 85' lang='lat' dir='ltr'><strong><em>ipse</em></strong></span> <span class='ocrx_word' id='word_1_212' title='bbox 320 1976 420 2003; x_wconf 81' lang='lat' dir='ltr'><strong><em>refert:</em></strong></span> <span class='ocrx_word' id='word_1_213' title='bbox 441 1975 534 2002; x_wconf 78' lang='lat' dir='ltr'><strong><em>Patres</em></strong></span> <span class='ocrx_word' id='word_1_214' title='bbox 559 1976 719 2002; x_wconf 84' lang='lat' dir='ltr'><strong><em>damnarunt</em></strong></span> <span class='ocrx_word' id='word_1_215' title='bbox 741 1983 800 2001; x_wconf 78' lang='lat' dir='ltr'><strong><em>eum</em></strong></span> <span class='ocrx_word' id='word_1_216' title='bbox 813 1982 888 2009; x_wconf 83' lang='lat' dir='ltr'><strong><em>quem</em></strong></span> <span class='ocrx_word' id='word_1_217' title='bbox 901 1982 947 2008; x_wconf 85' lang='lat' dir='ltr'><strong><em>ego</em></strong></span> <span class='ocrx_word' id='word_1_218' title='bbox 965 1981 1031 1999; x_wconf 88' lang='lat' dir='ltr'><strong><em>ana-</em></strong></span> 
     </span>
    </p>
   </div>
   <div class='ocr_carea' id='block_1_35' title="bbox 249 2019 1029 2056">
    <p class='ocr_par' dir='ltr' id='par_1_35' title="bbox 249 2019 1029 2056">
     <span class='ocr_line' id='line_1_35' title="bbox 249 2019 1029 2056; baseline -0.005 -8"><span class='ocrx_word' id='word_1_219' title='bbox 249 2021 401 2054; x_wconf 72' lang='lat' dir='ltr'><strong><em>tliematizo,</em></strong></span> <span class='ocrx_word' id='word_1_220' title='bbox 426 2022 589 2056; x_wconf 72' lang='lat' dir='ltr'><strong><em>maximeque</em></strong></span> <span class='ocrx_word' id='word_1_221' title='bbox 616 2020 761 2047; x_wconf 88' lang='lat' dir='ltr'><strong><em>Paulinum</em></strong></span> <span class='ocrx_word' id='word_1_222' title='bbox 785 2019 842 2053; x_wconf 71' lang='lat' dir='ltr'><strong><em>ejus</em></strong></span> <span class='ocrx_word' id='word_1_223' title='bbox 862 2019 1029 2052; x_wconf 80' lang='lat' dir='ltr'><strong><em>magistrum.</em></strong></span> 
     </span>
    </p>
   </div>
   <div class='ocr_carea' id='block_1_36' title="bbox 248 2065 1032 2103">
    <p class='ocr_par' dir='ltr' id='par_1_36' title="bbox 248 2065 1032 2103">
     <span class='ocr_line' id='line_1_36' title="bbox 248 2065 1032 2103; baseline -0.006 -7"><span class='ocrx_word' id='word_1_224' title='bbox 248 2068 297 2096; x_wconf 84' lang='lat' dir='ltr'><strong><em>Hic</em></strong></span> <span class='ocrx_word' id='word_1_225' title='bbox 313 2069 454 2103; x_wconf 71' lang='lat' dir='ltr'><strong><em>populares</em></strong></span> <span class='ocrx_word' id='word_1_226' title='bbox 469 2067 651 2095; x_wconf 77' lang='lat' dir='ltr'><strong><em>Antiochenos</em></strong></span> <span class='ocrx_word' id='word_1_227' title='bbox 661 2065 1032 2100; x_wconf 82' lang='lat' dir='ltr'><strong><em>loquentesinducitChryso-</em></strong></span> 
     </span>
    </p>
   </div>
   <div class='ocr_carea' id='block_1_37' title="bbox 247 2111 1032 2148">
    <p class='ocr_par' dir='ltr' id='par_1_37' title="bbox 247 2111 1032 2148">
     <span class='ocr_line' id='line_1_37' title="bbox 247 2111 1032 2148; baseline -0.009 -5"><span class='ocrx_word' id='word_1_228' title='bbox 247 2121 362 2145; x_wconf 75' lang='lat' dir='ltr'><strong><em>stamus.</em></strong></span> <span class='ocrx_word' id='word_1_229' title='bbox 372 2123 419 2142; x_wconf 76' lang='lat' dir='ltr'><strong><em>eas</em></strong></span> <span class='ocrx_word' id='word_1_230' title='bbox 426 2115 528 2142; x_wconf 87' lang='lat' dir='ltr'><strong><em>scilicet</em></strong></span> <span class='ocrx_word' id='word_1_231' title='bbox 538 2113 583 2148; x_wconf 89' lang='lat' dir='ltr'><strong><em>qui</em></strong></span> <span class='ocrx_word' id='word_1_232' title='bbox 593 2120 650 2139; x_wconf 72' lang='lat' dir='ltr'><strong><em>sua:</em></strong></span> <span class='ocrx_word' id='word_1_233' title='bbox 662 2111 862 2139; x_wconf 85' lang='lat' dir='ltr'><strong><em>communionis</em></strong></span> <span class='ocrx_word' id='word_1_234' title='bbox 872 2115 1032 2144; x_wconf 82' lang='lat' dir='ltr'><strong><em>crant,quo-</em></strong></span> 
     </span>
    </p>
   </div>
   <div class='ocr_carea' id='block_1_38' title="bbox 247 2156 1030 2194">
    <p class='ocr_par' dir='ltr' id='par_1_38' title="bbox 247 2156 1030 2194">
     <span class='ocr_line' id='line_1_38' title="bbox 247 2156 1030 2194; baseline -0.006 -7"><span class='ocrx_word' id='word_1_235' title='bbox 247 2168 306 2188; x_wconf 80' lang='lat' dir='ltr'><strong><em>rum</em></strong></span> <span class='ocrx_word' id='word_1_236' title='bbox 316 2161 406 2192; x_wconf 76' lang='lat' dir='ltr'><strong><em>verba,</em></strong></span> <span class='ocrx_word' id='word_1_237' title='bbox 421 2160 507 2194; x_wconf 85' lang='lat' dir='ltr'><strong><em>inquit</em></strong></span> <span class='ocrx_word' id='word_1_238' title='bbox 516 2156 857 2189; x_wconf 67' lang='lat' dir='ltr'><strong><em>TillemontiusJ’aulinum</em></strong></span> <span class='ocrx_word' id='word_1_239' title='bbox 865 2156 921 2191; x_wconf 86' lang='lat' dir='ltr'><strong><em>jam</em></strong></span> <span class='ocrx_word' id='word_1_240' title='bbox 932 2156 1030 2183; x_wconf 80' lang='lat' dir='ltr'><strong><em>defun-</em></strong></span> 
     </span>
    </p>
   </div>
   <div class='ocr_carea' id='block_1_39' title="bbox 247 2201 1030 2238">
    <p class='ocr_par' dir='ltr' id='par_1_39' title="bbox 247 2201 1030 2238">
     <span class='ocr_line' id='line_1_39' title="bbox 247 2201 1030 2238; baseline -0.005 -5"><span class='ocrx_word' id='word_1_241' title='bbox 247 2211 321 2233; x_wconf 87' lang='lat' dir='ltr'><strong><em>ctutn</em></strong></span> <span class='ocrx_word' id='word_1_242' title='bbox 336 2205 420 2232; x_wconf 74' lang='lat' dir='ltr'><strong><em>iuiSSe</em></strong></span> <span class='ocrx_word' id='word_1_243' title='bbox 441 2202 803 2238; x_wconf 80' lang='lat' dir='ltr'><strong><em>arguunt;quandoquidem</em></strong></span> <span class='ocrx_word' id='word_1_244' title='bbox 811 2211 864 2228; x_wconf 89' lang='lat' dir='ltr'><strong><em>non</em></strong></span> <span class='ocrx_word' id='word_1_245' title='bbox 875 2207 928 2229; x_wconf 83' lang='lat' dir='ltr'><strong><em>tam</em></strong></span> <span class='ocrx_word' id='word_1_246' title='bbox 939 2201 1030 2229; x_wconf 90' lang='lat' dir='ltr'><strong><em>Pauli-</em></strong></span> 
     </span>
    </p>
   </div>
   <div class='ocr_carea' id='block_1_40' title="bbox 248 2249 1028 2286">
    <p class='ocr_par' dir='ltr' id='par_1_40' title="bbox 248 2249 1028 2286">
     <span class='ocr_line' id='line_1_40' title="bbox 248 2249 1028 2286; baseline -0.006 -6"><span class='ocrx_word' id='word_1_247' title='bbox 248 2261 313 2280; x_wconf 91' lang='lat' dir='ltr'><strong><em>num</em></strong></span> <span class='ocrx_word' id='word_1_248' title='bbox 334 2259 414 2286; x_wconf 83' lang='lat' dir='ltr'><strong><em>quant</em></strong></span> <span class='ocrx_word' id='word_1_249' title='bbox 427 2251 485 2286; x_wconf 84' lang='lat' dir='ltr'><strong><em>ejus</em></strong></span> <span class='ocrx_word' id='word_1_250' title='bbox 502 2250 649 2282; x_wconf 87' lang='lat' dir='ltr'><strong><em>discipulos</em></strong></span> <span class='ocrx_word' id='word_1_251' title='bbox 662 2249 789 2283; x_wconf 86' lang='lat' dir='ltr'><strong><em>impetere</em></strong></span> <span class='ocrx_word' id='word_1_252' title='bbox 805 2249 948 2275; x_wconf 83' lang='lat' dir='ltr'><strong><em>videntur:</em></strong></span> <span class='ocrx_word' id='word_1_253' title='bbox 965 2253 991 2275; x_wconf 87' lang='lat' dir='ltr'><strong><em>at</em></strong></span> <span class='ocrx_word' id='word_1_254' title='bbox 1007 2249 1028 2275; x_wconf 94' lang='lat' dir='ltr'><strong><em>si</em></strong></span> 
     </span>
    </p>
   </div>
   <div class='ocr_carea' id='block_1_41' title="bbox 247 2295 1028 2328">
    <p class='ocr_par' dir='ltr' id='par_1_41' title="bbox 247 2295 1028 2328">
     <span class='ocr_line' id='line_1_41' title="bbox 247 2295 1028 2328; baseline -0.008 -2"><span class='ocrx_word' id='word_1_255' title='bbox 247 2299 378 2327; x_wconf 73' lang='lat' dir='ltr'><strong><em>Patttinus</em></strong></span> <span class='ocrx_word' id='word_1_256' title='bbox 385 2298 506 2328; x_wconf 75' lang='lat' dir='ltr'><strong><em>vixisset,</em></strong></span> <span class='ocrx_word' id='word_1_257' title='bbox 515 2297 541 2322; x_wconf 91' lang='lat' dir='ltr'><strong><em>iu</em></strong></span> <span class='ocrx_word' id='word_1_258' title='bbox 551 2304 611 2322; x_wconf 81' lang='lat' dir='ltr'><strong><em>cum</em></strong></span> <span class='ocrx_word' id='word_1_259' title='bbox 626 2295 754 2327; x_wconf 69' lang='lat' dir='ltr'><strong><em>maxime,</em></strong></span> <span class='ocrx_word' id='word_1_260' title='bbox 764 2302 791 2322; x_wconf 91' lang='lat' dir='ltr'><strong><em>ut</em></strong></span> <span class='ocrx_word' id='word_1_261' title='bbox 800 2299 937 2321; x_wconf 88' lang='lat' dir='ltr'><strong><em>auctorem</em></strong></span> <span class='ocrx_word' id='word_1_262' title='bbox 955 2295 1028 2327; x_wconf 78' lang='lat' dir='ltr'><strong><em>mali,</em></strong></span> 
     </span>
    </p>
   </div>
   <div class='ocr_carea' id='block_1_42' title="bbox 246 2340 1030 2378">
    <p class='ocr_par' dir='ltr' id='par_1_42' title="bbox 246 2340 1030 2378">
     <span class='ocr_line' id='line_1_42' title="bbox 246 2340 1030 2378; baseline -0.006 -6"><span class='ocrx_word' id='word_1_263' title='bbox 246 2345 391 2372; x_wconf 84' lang='lat' dir='ltr'><strong><em>anathema</em></strong></span> <span class='ocrx_word' id='word_1_264' title='bbox 409 2342 597 2378; x_wconf 81' lang='lat' dir='ltr'><strong><em>proferendum</em></strong></span> <span class='ocrx_word' id='word_1_265' title='bbox 607 2342 759 2369; x_wconf 86' lang='lat' dir='ltr'><strong><em>videbatur.</em></strong></span> <span class='ocrx_word' id='word_1_266' title='bbox 770 2340 832 2368; x_wconf 80' lang='lat' dir='ltr'><strong><em>[hec</em></strong></span> <span class='ocrx_word' id='word_1_267' title='bbox 849 2340 904 2372; x_wconf 75' lang='lat' dir='ltr'><strong><em>ille,</em></strong></span> <span class='ocrx_word' id='word_1_268' title='bbox 922 2347 983 2374; x_wconf 63' lang='lat' dir='ltr'><strong><em>qua:</em></strong></span> <span class='ocrx_word' id='word_1_269' title='bbox 996 2347 1030 2367; x_wconf 89' lang='lat' dir='ltr'><strong><em>ne</em></strong></span> 
     </span>
    </p>
   </div>
   <div class='ocr_carea' id='block_1_43' title="bbox 249 2385 1027 2422">
    <p class='ocr_par' dir='ltr' id='par_1_43' title="bbox 249 2385 1027 2422">
     <span class='ocr_line' id='line_1_43' title="bbox 249 2385 1027 2422; baseline -0.01 -5"><span class='ocrx_word' id='word_1_270' title='bbox 249 2391 394 2418; x_wconf 88' lang='lat' dir='ltr'><strong><em>minimum</em></strong></span> <span class='ocrx_word' id='word_1_271' title='bbox 410 2387 520 2422; x_wconf 86' lang='lat' dir='ltr'><strong><em>quidem</em></strong></span> <span class='ocrx_word' id='word_1_272' title='bbox 537 2395 587 2413; x_wconf 88' lang='lat' dir='ltr'><strong><em>nos</em></strong></span> <span class='ocrx_word' id='word_1_273' title='bbox 603 2395 617 2413; x_wconf 87' lang='lat' dir='ltr'><strong><em>a</em></strong></span> <span class='ocrx_word' id='word_1_274' title='bbox 629 2386 720 2421; x_wconf 88' lang='lat' dir='ltr'><strong><em>priore</em></strong></span> <span class='ocrx_word' id='word_1_275' title='bbox 732 2385 865 2412; x_wconf 81' lang='lat' dir='ltr'><strong><em>sententia</em></strong></span> <span class='ocrx_word' id='word_1_276' title='bbox 879 2385 1027 2415; x_wconf 84' lang='lat' dir='ltr'><strong><em>dimovent,</em></strong></span> 
     </span>
    </p>
   </div>
   <div class='ocr_carea' id='block_1_44' title="bbox 246 2430 1030 2471">
    <p class='ocr_par' dir='ltr' id='par_1_44' title="bbox 246 2430 1030 2471">
     <span class='ocr_line' id='line_1_44' title="bbox 246 2430 1030 2471; baseline -0.008 -9"><span class='ocrx_word' id='word_1_277' title='bbox 246 2443 330 2471; x_wconf 88' lang='lat' dir='ltr'><strong><em>quam</em></strong></span> <span class='ocrx_word' id='word_1_278' title='bbox 360 2435 424 2461; x_wconf 87' lang='lat' dir='ltr'><strong><em>item</em></strong></span> <span class='ocrx_word' id='word_1_279' title='bbox 450 2434 612 2460; x_wconf 82' lang='lat' dir='ltr'><strong><em>sententiain</em></strong></span> <span class='ocrx_word' id='word_1_280' title='bbox 641 2432 727 2459; x_wconf 82' lang='lat' dir='ltr'><strong><em>secuti</em></strong></span> <span class='ocrx_word' id='word_1_281' title='bbox 754 2435 819 2459; x_wconf 88' lang='lat' dir='ltr'><strong><em>sunt</em></strong></span> <span class='ocrx_word' id='word_1_282' title='bbox 845 2430 979 2457; x_wconf 85' lang='lat' dir='ltr'><strong><em>Baronius</em></strong></span> <span class='ocrx_word' id='word_1_283' title='bbox 1003 2434 1030 2456; x_wconf 86' lang='lat' dir='ltr'><strong><em>et</em></strong></span> 
     </span>
    </p>
   </div>
   <div class='ocr_carea' id='block_1_45' title="bbox 248 2476 1012 2512">
    <p class='ocr_par' dir='ltr' id='par_1_45' title="bbox 248 2476 1012 2512">
     <span class='ocr_line' id='line_1_45' title="bbox 248 2476 1012 2512; baseline -0.009 -3"><span class='ocrx_word' id='word_1_284' title='bbox 248 2481 432 2509; x_wconf 83' lang='lat' dir='ltr'><strong><em>Ileruiantius.</em></strong></span> <span class='ocrx_word' id='word_1_285' title='bbox 451 2479 529 2512; x_wconf 87' lang='lat' dir='ltr'><strong><em>Quod</em></strong></span> <span class='ocrx_word' id='word_1_286' title='bbox 541 2479 612 2506; x_wconf 86' lang='lat' dir='ltr'><strong><em>enim</em></strong></span> <span class='ocrx_word' id='word_1_287' title='bbox 629 2479 677 2509; x_wconf 83' lang='lat' dir='ltr'><strong><em>ait,</em></strong></span> <span class='ocrx_word' id='word_1_288' title='bbox 691 2478 834 2505; x_wconf 75' lang='lat' dir='ltr'><strong><em>exordium</em></strong></span> <span class='ocrx_word' id='word_1_289' title='bbox 853 2477 961 2503; x_wconf 82' lang='lat' dir='ltr'><strong><em>aliunde</em></strong></span> <span class='ocrx_word' id='word_1_290' title='bbox 979 2476 1012 2502; x_wconf 87' lang='lat' dir='ltr'><strong><em>ad</em></strong></span> 
     </span>
    </p>
   </div>
   <div class='ocr_carea' id='block_1_46' title="bbox 248 2521 1026 2558">
    <p class='ocr_par' dir='ltr' id='par_1_46' title="bbox 248 2521 1026 2558">
     <span class='ocr_line' id='line_1_46' title="bbox 248 2521 1026 2558; baseline -0.006 -6"><span class='ocrx_word' id='word_1_291' title='bbox 248 2532 370 2558; x_wconf 77' lang='lat' dir='ltr'><strong><em>vectum,</em></strong></span> <span class='ocrx_word' id='word_1_292' title='bbox 400 2533 523 2552; x_wconf 87' lang='lat' dir='ltr'><strong><em>mancam</em></strong></span> <span class='ocrx_word' id='word_1_293' title='bbox 552 2523 704 2554; x_wconf 84' lang='lat' dir='ltr'><strong><em>bomiliani,</em></strong></span> <span class='ocrx_word' id='word_1_294' title='bbox 731 2529 847 2556; x_wconf 84' lang='lat' dir='ltr'><strong><em>eamque</em></strong></span> <span class='ocrx_word' id='word_1_295' title='bbox 875 2521 1026 2547; x_wconf 74' lang='lat' dir='ltr'><strong><em>breviorem</em></strong></span> 
     </span>
    </p>
   </div>
   <div class='ocr_carea' id='block_1_47' title="bbox 247 2567 1027 2606">
    <p class='ocr_par' dir='ltr' id='par_1_47' title="bbox 247 2567 1027 2606">
     <span class='ocr_line' id='line_1_47' title="bbox 247 2567 1027 2606; baseline -0.012 -6"><span class='ocrx_word' id='word_1_296' title='bbox 247 2581 308 2600; x_wconf 79' lang='lat' dir='ltr'><strong><em>esse</em></strong></span> <span class='ocrx_word' id='word_1_297' title='bbox 325 2580 406 2606; x_wconf 85' lang='lat' dir='ltr'><strong><em>qualn</em></strong></span> <span class='ocrx_word' id='word_1_298' title='bbox 435 2571 540 2598; x_wconf 85' lang='lat' dir='ltr'><strong><em>sulcant.</em></strong></span> <span class='ocrx_word' id='word_1_299' title='bbox 560 2567 747 2604; x_wconf 84' lang='lat' dir='ltr'><strong><em>Chrysoslomi</em></strong></span> <span class='ocrx_word' id='word_1_300' title='bbox 768 2567 935 2594; x_wconf 88' lang='lat' dir='ltr'><strong><em>conciones:</em></strong></span> <span class='ocrx_word' id='word_1_301' title='bbox 959 2567 1027 2596; x_wconf 69' lang='lat' dir='ltr'><strong><em>haec,</em></strong></span> 
     </span>
    </p>
   </div>
   <div class='ocr_carea' id='block_1_48' title="bbox 247 2612 1029 2652">
    <p class='ocr_par' dir='ltr' id='par_1_48' title="bbox 247 2612 1029 2652">
     <span class='ocr_line' id='line_1_48' title="bbox 247 2612 1029 2652; baseline -0.01 -7"><span class='ocrx_word' id='word_1_302' title='bbox 247 2618 370 2652; x_wconf 77' lang='lat' dir='ltr'><strong><em>inquam.</em></strong></span> <span class='ocrx_word' id='word_1_303' title='bbox 386 2616 478 2644; x_wconf 88' lang='lat' dir='ltr'><strong><em>omnia</em></strong></span> <span class='ocrx_word' id='word_1_304' title='bbox 501 2615 585 2650; x_wconf 80' lang='lat' dir='ltr'><strong><em>gratis</em></strong></span> <span class='ocrx_word' id='word_1_305' title='bbox 614 2614 752 2640; x_wconf 87' lang='lat' dir='ltr'><strong><em>dicuntur.</em></strong></span> <span class='ocrx_word' id='word_1_306' title='bbox 783 2612 922 2647; x_wconf 79' lang='lat' dir='ltr'><strong><em>Siquidem</em></strong></span> <span class='ocrx_word' id='word_1_307' title='bbox 950 2619 1029 2638; x_wconf 84' lang='lat' dir='ltr'><strong><em>cxor-</em></strong></span> 
     </span>
    </p>
   </div>
   <div class='ocr_carea' id='block_1_49' title="bbox 246 2657 1030 2691">
    <p class='ocr_par' dir='ltr' id='par_1_49' title="bbox 246 2657 1030 2691">
     <span class='ocr_line' id='line_1_49' title="bbox 246 2657 1030 2691; baseline -0.009 -2"><span class='ocrx_word' id='word_1_308' title='bbox 246 2663 320 2690; x_wconf 89' lang='lat' dir='ltr'><strong><em>dium</em></strong></span> <span class='ocrx_word' id='word_1_309' title='bbox 335 2662 448 2688; x_wconf 88' lang='lat' dir='ltr'><strong><em>omnino</em></strong></span> <span class='ocrx_word' id='word_1_310' title='bbox 461 2661 580 2688; x_wconf 77' lang='lat' dir='ltr'><strong><em>coluerct</em></strong></span> <span class='ocrx_word' id='word_1_311' title='bbox 592 2666 653 2686; x_wconf 89' lang='lat' dir='ltr'><strong><em>cum</em></strong></span> <span class='ocrx_word' id='word_1_312' title='bbox 673 2658 716 2689; x_wconf 84' lang='lat' dir='ltr'><strong><em>iis,</em></strong></span> <span class='ocrx_word' id='word_1_313' title='bbox 734 2665 795 2691; x_wconf 72' lang='lat' dir='ltr'><strong><em>qum</em></strong></span> <span class='ocrx_word' id='word_1_314' title='bbox 809 2657 842 2683; x_wconf 89' lang='lat' dir='ltr'><strong><em>de</em></strong></span> <span class='ocrx_word' id='word_1_315' title='bbox 857 2657 1030 2683; x_wconf 70' lang='lat' dir='ltr'><strong><em>anathemate</em></strong></span> 
     </span>
    </p>
   </div>
   <div class='ocr_carea' id='block_1_50' title="bbox 247 2703 1029 2743">
    <p class='ocr_par' dir='ltr' id='par_1_50' title="bbox 247 2703 1029 2743">
     <span class='ocr_line' id='line_1_50' title="bbox 247 2703 1029 2743; baseline -0.013 -7"><span class='ocrx_word' id='word_1_316' title='bbox 247 2708 471 2743; x_wconf 72' lang='lat' dir='ltr'><strong><em>subiunguntur:</em></strong></span> <span class='ocrx_word' id='word_1_317' title='bbox 499 2704 623 2732; x_wconf 81' lang='lat' dir='ltr'><strong><em>ordiendi</em></strong></span> <span class='ocrx_word' id='word_1_318' title='bbox 649 2704 747 2731; x_wconf 81' lang='lat' dir='ltr'><strong><em>modus</em></strong></span> <span class='ocrx_word' id='word_1_319' title='bbox 771 2703 970 2737; x_wconf 76' lang='lat' dir='ltr'><strong><em>Chrysostomo</em></strong></span> <span class='ocrx_word' id='word_1_320' title='bbox 988 2704 1029 2727; x_wconf 82' lang='lat' dir='ltr'><strong><em>est</em></strong></span> 
     </span>
    </p>
   </div>
   <div class='ocr_carea' id='block_1_51' title="bbox 247 2748 1028 2783">
    <p class='ocr_par' dir='ltr' id='par_1_51' title="bbox 247 2748 1028 2783">
     <span class='ocr_line' id='line_1_51' title="bbox 247 2748 1028 2783; baseline -0.012 -3"><span class='ocrx_word' id='word_1_321' title='bbox 247 2752 394 2781; x_wconf 75' lang='lat' dir='ltr'><strong><em>admodum</em></strong></span> <span class='ocrx_word' id='word_1_322' title='bbox 410 2750 563 2778; x_wconf 78' lang='lat' dir='ltr'><strong><em>familiaris.</em></strong></span> <span class='ocrx_word' id='word_1_323' title='bbox 581 2749 651 2782; x_wconf 85' lang='lat' dir='ltr'><strong><em>Quid</em></strong></span> <span class='ocrx_word' id='word_1_324' title='bbox 665 2749 737 2775; x_wconf 72' lang='lat' dir='ltr'><strong><em>enim</em></strong></span> <span class='ocrx_word' id='word_1_325' title='bbox 754 2748 936 2783; x_wconf 80' lang='lat' dir='ltr'><strong><em>frequentius,</em></strong></span> <span class='ocrx_word' id='word_1_326' title='bbox 947 2753 1028 2782; x_wconf 87' lang='lat' dir='ltr'><strong><em>quam</em></strong></span> 
     </span>
    </p>
   </div>
   <div class='ocr_carea' id='block_1_52' title="bbox 254 2793 1029 2827">
    <p class='ocr_par' dir='ltr' id='par_1_52' title="bbox 254 2793 1029 2827">
     <span class='ocr_line' id='line_1_52' title="bbox 254 2793 1029 2827; baseline -0.01 0"><span class='ocrx_word' id='word_1_327' title='bbox 254 2805 378 2827; x_wconf 72' lang='lat' dir='ltr'><strong><em>sanctum</em></strong></span> <span class='ocrx_word' id='word_1_328' title='bbox 399 2799 539 2825; x_wconf 75' lang='lat' dir='ltr'><strong><em>doctorem</em></strong></span> <span class='ocrx_word' id='word_1_329' title='bbox 567 2794 656 2823; x_wconf 83' lang='lat' dir='ltr'><strong><em>\idcrc</em></strong></span> <span class='ocrx_word' id='word_1_330' title='bbox 673 2796 712 2823; x_wconf 83' lang='lat' dir='ltr'><strong><em>sic</em></strong></span> <span class='ocrx_word' id='word_1_331' title='bbox 730 2796 876 2822; x_wconf 85' lang='lat' dir='ltr'><strong><em>conciones</em></strong></span> <span class='ocrx_word' id='word_1_332' title='bbox 905 2802 970 2821; x_wconf 82' lang='lat' dir='ltr'><strong><em>suas</em></strong></span> <span class='ocrx_word' id='word_1_333' title='bbox 989 2793 1029 2819; x_wconf 90' lang='lat' dir='ltr'><strong><em>in-</em></strong></span> 
     </span>
    </p>
   </div>
   <div class='ocr_carea' id='block_1_53' title="bbox 1089 689 1872 725">
    <p class='ocr_par' dir='ltr' id='par_1_53' title="bbox 1089 689 1872 725">
     <span class='ocr_line' id='line_1_53' title="bbox 1089 689 1872 725; baseline -0.001 -8"><span class='ocrx_word' id='word_1_334' title='bbox 1089 691 1256 725; x_wconf 75' lang='lat' dir='ltr'><strong><em>cipientem?</em></strong></span> <span class='ocrx_word' id='word_1_335' title='bbox 1276 690 1364 725; x_wconf 81' lang='lat' dir='ltr'><strong><em>Nuper</em></strong></span> <span class='ocrx_word' id='word_1_336' title='bbox 1384 690 1454 717; x_wconf 72' lang='lat' dir='ltr'><strong><em>vobis</em></strong></span> <span class='ocrx_word' id='word_1_337' title='bbox 1481 690 1513 716; x_wconf 81' lang='lat' dir='ltr'><strong><em>de</em></strong></span> <span class='ocrx_word' id='word_1_338' title='bbox 1532 689 1799 724; x_wconf 72' lang='lat' dir='ltr'><strong><em>incomprehensibilis</em></strong></span> <span class='ocrx_word' id='word_1_339' title='bbox 1825 698 1872 716; x_wconf 83' lang='lat' dir='ltr'><strong><em>co-</em></strong></span> 
     </span>
    </p>
   </div>
   <div class='ocr_carea' id='block_1_54' title="bbox 1087 737 1870 772">
    <p class='ocr_par' dir='ltr' id='par_1_54' title="bbox 1087 737 1870 772">
     <span class='ocr_line' id='line_1_54' title="bbox 1087 737 1870 772; baseline -0.001 -9"><span class='ocrx_word' id='word_1_340' title='bbox 1087 738 1204 772; x_wconf 88' lang='lat' dir='ltr'><strong><em>gnitione</em></strong></span> <span class='ocrx_word' id='word_1_341' title='bbox 1220 737 1266 764; x_wconf 85' lang='lat' dir='ltr'><strong><em>Dei</em></strong></span> <span class='ocrx_word' id='word_1_342' title='bbox 1282 737 1422 771; x_wconf 74' lang='lat' dir='ltr'><strong><em>disserens,</em></strong></span> <span class='ocrx_word' id='word_1_343' title='bbox 1452 737 1535 763; x_wconf 87' lang='lat' dir='ltr'><strong><em>multa</em></strong></span> <span class='ocrx_word' id='word_1_344' title='bbox 1564 737 1641 763; x_wconf 78' lang='lat' dir='ltr'><strong><em>verba</em></strong></span> <span class='ocrx_word' id='word_1_345' title='bbox 1670 737 1731 771; x_wconf 79' lang='lat' dir='ltr'><strong><em>feci.</em></strong></span> <span class='ocrx_word' id='word_1_346' title='bbox 1750 745 1780 763; x_wconf 86' lang='lat' dir='ltr'><strong><em>nc</em></strong></span> <span class='ocrx_word' id='word_1_347' title='bbox 1813 743 1870 763; x_wconf 86' lang='lat' dir='ltr'><strong><em>tum</em></strong></span> 
     </span>
    </p>
   </div>
   <div class='ocr_carea' id='block_1_55' title="bbox 1085 782 1871 817">
    <p class='ocr_par' dir='ltr' id='par_1_55' title="bbox 1085 782 1871 817">
     <span class='ocr_line' id='line_1_55' title="bbox 1085 782 1871 817; baseline 0.001 -8"><span class='ocrx_word' id='word_1_348' title='bbox 1085 782 1283 817; x_wconf 83' lang='lat' dir='ltr'><strong><em>Scripturarnm</em></strong></span> <span class='ocrx_word' id='word_1_349' title='bbox 1303 783 1416 816; x_wconf 63' lang='lat' dir='ltr'><strong><em>vocibus,</em></strong></span> <span class='ocrx_word' id='word_1_350' title='bbox 1441 788 1495 809; x_wconf 89' lang='lat' dir='ltr'><strong><em>tum</em></strong></span> <span class='ocrx_word' id='word_1_351' title='bbox 1524 782 1692 810; x_wconf 78' lang='lat' dir='ltr'><strong><em>naturalibus</em></strong></span> <span class='ocrx_word' id='word_1_352' title='bbox 1720 783 1871 810; x_wconf 60' lang='lat' dir='ltr'><strong><em>ratiociniis</em></strong></span> 
     </span>
    </p>
   </div>
   <div class='ocr_carea' id='block_1_56' title="bbox 1083 829 1874 863">
    <p class='ocr_par' dir='ltr' id='par_1_56' title="bbox 1083 829 1874 863">
     <span class='ocr_line' id='line_1_56' title="bbox 1083 829 1874 863; baseline 0.003 -8"><span class='ocrx_word' id='word_1_353' title='bbox 1083 830 1277 858; x_wconf 66' lang='lat' dir='ltr'><strong><em>detnonslrat‘t&#39;.</em></strong></span> <span class='ocrx_word' id='word_1_354' title='bbox 1307 829 1389 856; x_wconf 86' lang='lat' dir='ltr'><strong><em>etiam</em></strong></span> <span class='ocrx_word' id='word_1_355' title='bbox 1419 829 1481 863; x_wconf 71' lang='lat' dir='ltr'><strong><em>ipsis</em></strong></span> <span class='ocrx_word' id='word_1_356' title='bbox 1513 829 1686 856; x_wconf 78' lang='lat' dir='ltr'><strong><em>inuisibilibus</em></strong></span> <span class='ocrx_word' id='word_1_357' title='bbox 1724 830 1874 857; x_wconf 68' lang='lat' dir='ltr'><strong><em>virtutibus</em></strong></span> 
     </span>
    </p>
   </div>
   <div class='ocr_carea' id='block_1_57' title="bbox 1082 874 1875 909">
    <p class='ocr_par' dir='ltr' id='par_1_57' title="bbox 1082 874 1875 909">
     <span class='ocr_line' id='line_1_57' title="bbox 1082 874 1875 909; baseline 0.003 -8"><span class='ocrx_word' id='word_1_358' title='bbox 1082 875 1241 902; x_wconf 64' lang='lat' dir='ltr'><strong><em>inaccessam</em></strong></span> <span class='ocrx_word' id='word_1_359' title='bbox 1255 883 1361 909; x_wconf 76' lang='lat' dir='ltr'><strong><em>prorsus</em></strong></span> <span class='ocrx_word' id='word_1_360' title='bbox 1375 883 1429 902; x_wconf 76' lang='lat' dir='ltr'><strong><em>esse</em></strong></span> <span class='ocrx_word' id='word_1_361' title='bbox 1442 874 1564 902; x_wconf 72' lang='lat' dir='ltr'><strong><em>Numinis</em></strong></span> <span class='ocrx_word' id='word_1_362' title='bbox 1580 877 1875 907; x_wconf 58' lang='lat' dir='ltr'><strong><em>comprehensionem..-</em></strong></span> 
     </span>
    </p>
   </div>
   <div class='ocr_carea' id='block_1_58' title="bbox 1082 921 1870 958">
    <p class='ocr_par' dir='ltr' id='par_1_58' title="bbox 1082 921 1870 958">
     <span class='ocr_line' id='line_1_58' title="bbox 1082 921 1870 958; baseline 0.005 -12"><span class='ocrx_word' id='word_1_363' title='bbox 1082 921 1136 958; x_wconf 66' lang='lat' dir='ltr'><strong><em>Age</em></strong></span> <span class='ocrx_word' id='word_1_364' title='bbox 1157 929 1224 947; x_wconf 87' lang='lat' dir='ltr'><strong><em>nunc</em></strong></span> <span class='ocrx_word' id='word_1_365' title='bbox 1243 926 1380 956; x_wconf 85' lang='lat' dir='ltr'><strong><em>postquam</em></strong></span> <span class='ocrx_word' id='word_1_366' title='bbox 1401 921 1432 948; x_wconf 82' lang='lat' dir='ltr'><strong><em>de</em></strong></span> <span class='ocrx_word' id='word_1_367' title='bbox 1456 922 1622 948; x_wconf 81' lang='lat' dir='ltr'><strong><em>anathemate</em></strong></span> <span class='ocrx_word' id='word_1_368' title='bbox 1642 923 1712 948; x_wconf 75' lang='lat' dir='ltr'><strong><em>vobis</em></strong></span> <span class='ocrx_word' id='word_1_369' title='bbox 1738 929 1870 957; x_wconf 83' lang='lat' dir='ltr'><strong><em>quantum</em></strong></span> 
     </span>
    </p>
   </div>
   <div class='ocr_carea' id='block_1_59' title="bbox 1083 967 1869 1004">
    <p class='ocr_par' dir='ltr' id='par_1_59' title="bbox 1083 967 1869 1004">
     <span class='ocr_line' id='line_1_59' title="bbox 1083 967 1869 1004; baseline 0.004 -11"><span class='ocrx_word' id='word_1_370' title='bbox 1083 967 1199 993; x_wconf 73' lang='lat' dir='ltr'><strong><em>convenit</em></strong></span> <span class='ocrx_word' id='word_1_371' title='bbox 1215 968 1429 1000; x_wconf 71' lang='lat' dir='ltr'><strong><em>Ilissct&#39;uerimtts,</em></strong></span> <span class='ocrx_word' id='word_1_372' title='bbox 1444 968 1545 1002; x_wconf 78' lang='lat' dir='ltr'><strong><em>vimque</em></strong></span> <span class='ocrx_word' id='word_1_373' title='bbox 1556 968 1619 994; x_wconf 87' lang='lat' dir='ltr'><strong><em>ntali</em></strong></span> <span class='ocrx_word' id='word_1_374' title='bbox 1637 968 1726 1002; x_wconf 77' lang='lat' dir='ltr'><strong><em>huius,</em></strong></span> <span class='ocrx_word' id='word_1_375' title='bbox 1739 969 1808 1003; x_wconf 80' lang='lat' dir='ltr'><strong><em>quod</em></strong></span> <span class='ocrx_word' id='word_1_376' title='bbox 1819 977 1869 1004; x_wconf 80' lang='lat' dir='ltr'><strong><em>pro</em></strong></span> 
     </span>
    </p>
   </div>
   <div class='ocr_carea' id='block_1_60' title="bbox 1083 1013 1871 1048">
    <p class='ocr_par' dir='ltr' id='par_1_60' title="bbox 1083 1013 1871 1048">
     <span class='ocr_line' id='line_1_60' title="bbox 1083 1013 1871 1048; baseline 0.004 -10"><span class='ocrx_word' id='word_1_377' title='bbox 1083 1013 1168 1038; x_wconf 84' lang='lat' dir='ltr'><strong><em>nihilo</em></strong></span> <span class='ocrx_word' id='word_1_378' title='bbox 1187 1017 1333 1046; x_wconf 68' lang='lat' dir='ltr'><strong><em>reputatur,</em></strong></span> <span class='ocrx_word' id='word_1_379' title='bbox 1350 1013 1548 1043; x_wconf 75' lang='lat' dir='ltr'><strong><em>ostenderimus.</em></strong></span> <span class='ocrx_word' id='word_1_380' title='bbox 1566 1013 1626 1040; x_wconf 90' lang='lat' dir='ltr'><strong><em>hinc</em></strong></span> <span class='ocrx_word' id='word_1_381' title='bbox 1641 1014 1708 1047; x_wconf 81' lang='lat' dir='ltr'><strong><em>freni</em></strong></span> <span class='ocrx_word' id='word_1_382' title='bbox 1727 1015 1871 1048; x_wconf 84' lang='lat' dir='ltr'><strong><em>impatien-</em></strong></span> 
     </span>
    </p>
   </div>
   <div class='ocr_carea' id='block_1_61' title="bbox 1084 1057 1868 1095">
    <p class='ocr_par' dir='ltr' id='par_1_61' title="bbox 1084 1057 1868 1095">
     <span class='ocr_line' id='line_1_61' title="bbox 1084 1057 1868 1095; baseline 0.006 -13"><span class='ocrx_word' id='word_1_383' title='bbox 1084 1058 1120 1083; x_wconf 83' lang='lat' dir='ltr'><strong><em>tia</em></strong></span> <span class='ocrx_word' id='word_1_384' title='bbox 1137 1066 1183 1083; x_wconf 85' lang='lat' dir='ltr'><strong><em>ora</em></strong></span> <span class='ocrx_word' id='word_1_385' title='bbox 1214 1058 1390 1090; x_wconf 74' lang='lat' dir='ltr'><strong><em>cohibeamus,</em></strong></span> <span class='ocrx_word' id='word_1_386' title='bbox 1407 1063 1458 1086; x_wconf 85' lang='lat' dir='ltr'><strong><em>etc.</em></strong></span> <span class='ocrx_word' id='word_1_387' title='bbox 1469 1057 1514 1085; x_wconf 88' lang='lat' dir='ltr'><strong><em>Sic</em></strong></span> <span class='ocrx_word' id='word_1_388' title='bbox 1533 1058 1640 1092; x_wconf 78' lang='lat' dir='ltr'><strong><em>pr&#39;elari</em></strong></span> <span class='ocrx_word' id='word_1_389' title='bbox 1662 1059 1731 1086; x_wconf 86' lang='lat' dir='ltr'><strong><em>solet</em></strong></span> <span class='ocrx_word' id='word_1_390' title='bbox 1742 1060 1868 1095; x_wconf 71' lang='lat' dir='ltr'><strong><em>Chryso-</em></strong></span> 
     </span>
    </p>
   </div>
   <div class='ocr_carea' id='block_1_62' title="bbox 1083 1102 1871 1139">
    <p class='ocr_par' dir='ltr' id='par_1_62' title="bbox 1083 1102 1871 1139">
     <span class='ocr_line' id='line_1_62' title="bbox 1083 1102 1871 1139; baseline 0.005 -11"><span class='ocrx_word' id='word_1_391' title='bbox 1083 1109 1203 1129; x_wconf 83' lang='lat' dir='ltr'><strong><em>slomlls.</em></strong></span> <span class='ocrx_word' id='word_1_392' title='bbox 1224 1102 1273 1130; x_wconf 88' lang='lat' dir='ltr'><strong><em>llic</em></strong></span> <span class='ocrx_word' id='word_1_393' title='bbox 1291 1104 1364 1130; x_wconf 90' lang='lat' dir='ltr'><strong><em>nulla</em></strong></span> <span class='ocrx_word' id='word_1_394' title='bbox 1380 1103 1480 1134; x_wconf 81' lang='lat' dir='ltr'><strong><em>hiatus,</em></strong></span> <span class='ocrx_word' id='word_1_395' title='bbox 1503 1103 1607 1130; x_wconf 63' lang='lat' dir='ltr'><strong><em>lacuum</em></strong></span> <span class='ocrx_word' id='word_1_396' title='bbox 1625 1105 1775 1139; x_wconf 88' lang='lat' dir='ltr'><strong><em>cnjuspiam</em></strong></span> <span class='ocrx_word' id='word_1_397' title='bbox 1792 1106 1871 1133; x_wconf 79' lang='lat' dir='ltr'><strong><em>nulta</em></strong></span> 
     </span>
    </p>
   </div>
   <div class='ocr_carea' id='block_1_63' title="bbox 1084 1149 1870 1185">
    <p class='ocr_par' dir='ltr' id='par_1_63' title="bbox 1084 1149 1870 1185">
     <span class='ocr_line' id='line_1_63' title="bbox 1084 1149 1870 1185; baseline 0.006 -10"><span class='ocrx_word' id='word_1_398' title='bbox 1084 1150 1206 1184; x_wconf 70' lang='lat' dir='ltr'><strong><em>suspicio</em></strong></span> <span class='ocrx_word' id='word_1_399' title='bbox 1231 1150 1323 1176; x_wconf 85' lang='lat' dir='ltr'><strong><em>haberi</em></strong></span> <span class='ocrx_word' id='word_1_400' title='bbox 1349 1155 1449 1184; x_wconf 84' lang='lat' dir='ltr'><strong><em>potest.</em></strong></span> <span class='ocrx_word' id='word_1_401' title='bbox 1468 1149 1522 1177; x_wconf 85' lang='lat' dir='ltr'><strong><em>Nec</em></strong></span> <span class='ocrx_word' id='word_1_402' title='bbox 1546 1151 1605 1185; x_wconf 84' lang='lat' dir='ltr'><strong><em>plus</em></strong></span> <span class='ocrx_word' id='word_1_403' title='bbox 1631 1152 1745 1179; x_wconf 88' lang='lat' dir='ltr'><strong><em>subsidii</em></strong></span> <span class='ocrx_word' id='word_1_404' title='bbox 1768 1152 1870 1181; x_wconf 79' lang='lat' dir='ltr'><strong><em>referet</em></strong></span> 
     </span>
    </p>
   </div>
   <div class='ocr_carea' id='block_1_64' title="bbox 1083 1195 1870 1229">
    <p class='ocr_par' dir='ltr' id='par_1_64' title="bbox 1083 1195 1870 1229">
     <span class='ocr_line' id='line_1_64' title="bbox 1083 1195 1870 1229; baseline 0.008 -9"><span class='ocrx_word' id='word_1_405' title='bbox 1083 1195 1272 1227; x_wconf 77' lang='lat' dir='ltr'><strong><em>Tillemoutius</em></strong></span> <span class='ocrx_word' id='word_1_406' title='bbox 1291 1203 1323 1222; x_wconf 83' lang='lat' dir='ltr'><strong><em>ex</em></strong></span> <span class='ocrx_word' id='word_1_407' title='bbox 1351 1196 1469 1223; x_wconf 71' lang='lat' dir='ltr'><strong><em>lioniilize</em></strong></span> <span class='ocrx_word' id='word_1_408' title='bbox 1486 1197 1616 1224; x_wconf 80' lang='lat' dir='ltr'><strong><em>brevitate</em></strong></span> <span class='ocrx_word' id='word_1_409' title='bbox 1632 1218 1638 1229; x_wconf 82' lang='lat'><strong><em>,</em></strong></span> <span class='ocrx_word' id='word_1_410' title='bbox 1658 1205 1732 1229; x_wconf 87' lang='lat' dir='ltr'><strong><em>nam.</em></strong></span> <span class='ocrx_word' id='word_1_411' title='bbox 1751 1202 1781 1225; x_wconf 86' lang='lat' dir='ltr'><strong><em>ut</em></strong></span> <span class='ocrx_word' id='word_1_412' title='bbox 1802 1203 1870 1226; x_wconf 85' lang='lat' dir='ltr'><strong><em>sunt</em></strong></span> 
     </span>
    </p>
   </div>
   <div class='ocr_carea' id='block_1_65' title="bbox 1085 1240 1868 1277">
    <p class='ocr_par' dir='ltr' id='par_1_65' title="bbox 1085 1240 1868 1277">
     <span class='ocr_line' id='line_1_65' title="bbox 1085 1240 1868 1277; baseline 0.006 -10"><span class='ocrx_word' id='word_1_413' title='bbox 1085 1241 1177 1267; x_wconf 72' lang='lat' dir='ltr'><strong><em>multa:</em></strong></span> <span class='ocrx_word' id='word_1_414' title='bbox 1192 1240 1379 1276; x_wconf 71' lang='lat' dir='ltr'><strong><em>Clirysostomi</em></strong></span> <span class='ocrx_word' id='word_1_415' title='bbox 1395 1242 1542 1269; x_wconf 86' lang='lat' dir='ltr'><strong><em>conciones</em></strong></span> <span class='ocrx_word' id='word_1_416' title='bbox 1558 1242 1607 1269; x_wconf 87' lang='lat' dir='ltr'><strong><em>hac</em></strong></span> <span class='ocrx_word' id='word_1_417' title='bbox 1633 1243 1804 1277; x_wconf 79' lang='lat' dir='ltr'><strong><em>prolixiores,</em></strong></span> <span class='ocrx_word' id='word_1_418' title='bbox 1828 1244 1868 1272; x_wconf 88' lang='lat' dir='ltr'><strong><em>ita</em></strong></span> 
     </span>
    </p>
   </div>
   <div class='ocr_carea' id='block_1_66' title="bbox 1084 1287 1869 1324">
    <p class='ocr_par' dir='ltr' id='par_1_66' title="bbox 1084 1287 1869 1324">
     <span class='ocr_line' id='line_1_66' title="bbox 1084 1287 1869 1324; baseline 0.006 -11"><span class='ocrx_word' id='word_1_419' title='bbox 1084 1287 1229 1321; x_wconf 84' lang='lat' dir='ltr'><strong><em>plusquam</em></strong></span> <span class='ocrx_word' id='word_1_420' title='bbox 1248 1287 1340 1322; x_wconf 78' lang='lat' dir='ltr'><strong><em>viginti</em></strong></span> <span class='ocrx_word' id='word_1_421' title='bbox 1368 1295 1516 1322; x_wconf 84' lang='lat' dir='ltr'><strong><em>possumus</em></strong></span> <span class='ocrx_word' id='word_1_422' title='bbox 1540 1289 1590 1316; x_wconf 88' lang='lat' dir='ltr'><strong><em>hac</em></strong></span> <span class='ocrx_word' id='word_1_423' title='bbox 1619 1289 1698 1324; x_wconf 79' lang='lat' dir='ltr'><strong><em>longe</em></strong></span> <span class='ocrx_word' id='word_1_424' title='bbox 1728 1289 1869 1318; x_wconf 86' lang='lat' dir='ltr'><strong><em>breviores</em></strong></span> 
     </span>
    </p>
   </div>
   <div class='ocr_carea' id='block_1_67' title="bbox 1084 1333 1870 1367">
    <p class='ocr_par' dir='ltr' id='par_1_67' title="bbox 1084 1333 1870 1367">
     <span class='ocr_line' id='line_1_67' title="bbox 1084 1333 1870 1367; baseline 0.006 -8"><span class='ocrx_word' id='word_1_425' title='bbox 1084 1333 1217 1367; x_wconf 81' lang='lat' dir='ltr'><strong><em>proferre,</em></strong></span> <span class='ocrx_word' id='word_1_426' title='bbox 1236 1333 1261 1359; x_wconf 91' lang='lat' dir='ltr'><strong><em>in</em></strong></span> <span class='ocrx_word' id='word_1_427' title='bbox 1276 1340 1345 1367; x_wconf 89' lang='lat' dir='ltr'><strong><em>quas</em></strong></span> <span class='ocrx_word' id='word_1_428' title='bbox 1357 1338 1446 1360; x_wconf 78' lang='lat' dir='ltr'><strong><em>tamen</em></strong></span> <span class='ocrx_word' id='word_1_429' title='bbox 1459 1334 1532 1362; x_wconf 82' lang='lat' dir='ltr'><strong><em>nulla</em></strong></span> <span class='ocrx_word' id='word_1_430' title='bbox 1549 1334 1590 1361; x_wconf 83' lang='lat' dir='ltr'><strong><em>vel</em></strong></span> <span class='ocrx_word' id='word_1_431' title='bbox 1605 1335 1710 1365; x_wconf 73' lang='grc' dir='ltr'><strong><em>νοθείας</em></strong></span> <span class='ocrx_word' id='word_1_432' title='bbox 1722 1336 1762 1364; x_wconf 86' lang='lat' dir='ltr'><strong><em>vel</em></strong></span> <span class='ocrx_word' id='word_1_433' title='bbox 1776 1336 1870 1365; x_wconf 85' lang='lat' dir='ltr'><strong><em>hiatus</em></strong></span> 
     </span>
    </p>
   </div>
   <div class='ocr_carea' id='block_1_68' title="bbox 1084 1380 1871 1418">
    <p class='ocr_par' dir='ltr' id='par_1_68' title="bbox 1084 1380 1871 1418">
     <span class='ocr_line' id='line_1_68' title="bbox 1084 1380 1871 1418; baseline 0.004 -11"><span class='ocrx_word' id='word_1_434' title='bbox 1084 1380 1207 1414; x_wconf 86' lang='lat' dir='ltr'><strong><em>suspicio</em></strong></span> <span class='ocrx_word' id='word_1_435' title='bbox 1218 1380 1318 1406; x_wconf 86' lang='lat' dir='ltr'><strong><em>cadat:</em></strong></span> <span class='ocrx_word' id='word_1_436' title='bbox 1336 1386 1430 1414; x_wconf 77' lang='lat' dir='ltr'><strong><em>estque</em></strong></span> <span class='ocrx_word' id='word_1_437' title='bbox 1452 1381 1509 1407; x_wconf 64' lang='lat' dir='ltr'><strong><em>haec</em></strong></span> <span class='ocrx_word' id='word_1_438' title='bbox 1523 1381 1632 1408; x_wconf 78' lang='lat' dir='ltr'><strong><em>aliunde</em></strong></span> <span class='ocrx_word' id='word_1_439' title='bbox 1650 1382 1723 1415; x_wconf 79' lang='lat' dir='ltr'><strong><em>talis,</em></strong></span> <span class='ocrx_word' id='word_1_440' title='bbox 1739 1387 1768 1409; x_wconf 92' lang='lat' dir='ltr'><strong><em>ut</em></strong></span> <span class='ocrx_word' id='word_1_441' title='bbox 1786 1391 1871 1418; x_wconf 73' lang='lat' dir='ltr'><strong><em>argu-</em></strong></span> 
     </span>
    </p>
   </div>
   <div class='ocr_carea' id='block_1_69' title="bbox 1083 1425 1868 1460">
    <p class='ocr_par' dir='ltr' id='par_1_69' title="bbox 1083 1425 1868 1460">
     <span class='ocr_line' id='line_1_69' title="bbox 1083 1425 1868 1460; baseline 0.009 -10"><span class='ocrx_word' id='word_1_442' title='bbox 1083 1429 1174 1451; x_wconf 83' lang='lat' dir='ltr'><strong><em>mento</em></strong></span> <span class='ocrx_word' id='word_1_443' title='bbox 1190 1425 1256 1451; x_wconf 89' lang='lat' dir='ltr'><strong><em>nihil</em></strong></span> <span class='ocrx_word' id='word_1_444' title='bbox 1268 1425 1384 1454; x_wconf 78' lang='lat' dir='ltr'><strong><em>deﬁciat.</em></strong></span> <span class='ocrx_word' id='word_1_445' title='bbox 1399 1426 1491 1460; x_wconf 85' lang='lat' dir='ltr'><strong><em>sitque</em></strong></span> <span class='ocrx_word' id='word_1_446' title='bbox 1506 1427 1634 1454; x_wconf 88' lang='lat' dir='ltr'><strong><em>omnibus</em></strong></span> <span class='ocrx_word' id='word_1_447' title='bbox 1648 1428 1706 1455; x_wconf 88' lang='lat' dir='ltr'><strong><em>suis</em></strong></span> <span class='ocrx_word' id='word_1_448' title='bbox 1724 1433 1750 1455; x_wconf 86' lang='lat' dir='ltr'><strong><em>et</em></strong></span> <span class='ocrx_word' id='word_1_449' title='bbox 1767 1437 1868 1456; x_wconf 87' lang='lat' dir='ltr'><strong><em>nume-</em></strong></span> 
     </span>
    </p>
   </div>
   <div class='ocr_carea' id='block_1_70' title="bbox 1085 1471 1868 1510">
    <p class='ocr_par' dir='ltr' id='par_1_70' title="bbox 1085 1471 1868 1510">
     <span class='ocr_line' id='line_1_70' title="bbox 1085 1471 1868 1510; baseline 0.009 -14"><span class='ocrx_word' id='word_1_450' title='bbox 1085 1471 1122 1497; x_wconf 90' lang='lat' dir='ltr'><strong><em>ris</em></strong></span> <span class='ocrx_word' id='word_1_451' title='bbox 1137 1475 1164 1497; x_wconf 91' lang='lat' dir='ltr'><strong><em>et</em></strong></span> <span class='ocrx_word' id='word_1_452' title='bbox 1186 1471 1308 1505; x_wconf 83' lang='lat' dir='ltr'><strong><em>partibus</em></strong></span> <span class='ocrx_word' id='word_1_453' title='bbox 1321 1471 1458 1499; x_wconf 81' lang='lat' dir='ltr'><strong><em>absoluta.</em></strong></span> <span class='ocrx_word' id='word_1_454' title='bbox 1475 1471 1563 1500; x_wconf 85' lang='lat' dir='ltr'><strong><em>Locus</em></strong></span> <span class='ocrx_word' id='word_1_455' title='bbox 1589 1479 1680 1500; x_wconf 81' lang='lat' dir='ltr'><strong><em>autent</em></strong></span> <span class='ocrx_word' id='word_1_456' title='bbox 1704 1474 1760 1507; x_wconf 78' lang='lat' dir='ltr'><strong><em>ille,</em></strong></span> <span class='ocrx_word' id='word_1_457' title='bbox 1784 1483 1868 1510; x_wconf 87' lang='lat' dir='ltr'><strong><em>quem</em></strong></span> 
     </span>
    </p>
   </div>
   <div class='ocr_carea' id='block_1_71' title="bbox 1084 1516 1870 1552">
    <p class='ocr_par' dir='ltr' id='par_1_71' title="bbox 1084 1516 1870 1552">
     <span class='ocr_line' id='line_1_71' title="bbox 1084 1516 1870 1552; baseline 0.006 -10"><span class='ocrx_word' id='word_1_458' title='bbox 1084 1516 1162 1551; x_wconf 83' lang='lat' dir='ltr'><strong><em>quasi</em></strong></span> <span class='ocrx_word' id='word_1_459' title='bbox 1178 1523 1210 1543; x_wconf 80' lang='lat' dir='ltr'><strong><em>ex</em></strong></span> <span class='ocrx_word' id='word_1_460' title='bbox 1238 1516 1288 1543; x_wconf 85' lang='lat' dir='ltr'><strong><em>hac</em></strong></span> <span class='ocrx_word' id='word_1_461' title='bbox 1309 1517 1420 1542; x_wconf 82' lang='lat' dir='ltr'><strong><em>humilia</em></strong></span> <span class='ocrx_word' id='word_1_462' title='bbox 1439 1522 1598 1552; x_wconf 82' lang='lat' dir='ltr'><strong><em>excerptum</em></strong></span> <span class='ocrx_word' id='word_1_463' title='bbox 1617 1519 1694 1546; x_wconf 84' lang='lat' dir='ltr'><strong><em>ali‘ert</em></strong></span> <span class='ocrx_word' id='word_1_464' title='bbox 1717 1519 1870 1548; x_wconf 84' lang='lat' dir='ltr'><strong><em>Tillemon-</em></strong></span> 
     </span>
    </p>
   </div>
   <div class='ocr_carea' id='block_1_72' title="bbox 1084 1560 1869 1596">
    <p class='ocr_par' dir='ltr' id='par_1_72' title="bbox 1084 1560 1869 1596">
     <span class='ocr_line' id='line_1_72' title="bbox 1084 1560 1869 1596; baseline 0.001 -7"><span class='ocrx_word' id='word_1_465' title='bbox 1084 1563 1157 1593; x_wconf 89' lang='lat' dir='ltr'><strong><em>tius,</em></strong></span> <span class='ocrx_word' id='word_1_466' title='bbox 1179 1567 1208 1588; x_wconf 92' lang='lat' dir='ltr'><strong><em>ut</em></strong></span> <span class='ocrx_word' id='word_1_467' title='bbox 1232 1562 1327 1596; x_wconf 86' lang='lat' dir='ltr'><strong><em>probet</em></strong></span> <span class='ocrx_word' id='word_1_468' title='bbox 1354 1560 1497 1588; x_wconf 85' lang='lat' dir='ltr'><strong><em>Paulinum</em></strong></span> <span class='ocrx_word' id='word_1_469' title='bbox 1518 1562 1573 1596; x_wconf 89' lang='lat' dir='ltr'><strong><em>jam</em></strong></span> <span class='ocrx_word' id='word_1_470' title='bbox 1601 1563 1703 1590; x_wconf 82' lang='lat' dir='ltr'><strong><em>obiisse</em></strong></span> <span class='ocrx_word' id='word_1_471' title='bbox 1727 1571 1789 1590; x_wconf 90' lang='lat' dir='ltr'><strong><em>cum</em></strong></span> <span class='ocrx_word' id='word_1_472' title='bbox 1811 1564 1869 1591; x_wconf 69' lang='lat' dir='ltr'><strong><em>lucc</em></strong></span> 
     </span>
    </p>
   </div>
   <div class='ocr_carea' id='block_1_73' title="bbox 1084 1607 1868 1643">
    <p class='ocr_par' dir='ltr' id='par_1_73' title="bbox 1084 1607 1868 1643">
     <span class='ocr_line' id='line_1_73' title="bbox 1084 1607 1868 1643; baseline 0.001 -8"><span class='ocrx_word' id='word_1_473' title='bbox 1084 1608 1297 1643; x_wconf 89' lang='lat' dir='ltr'><strong><em>Cbrysostomus</em></strong></span> <span class='ocrx_word' id='word_1_474' title='bbox 1314 1607 1534 1642; x_wconf 87' lang='lat' dir='ltr'><strong><em>concionarelur,</em></strong></span> <span class='ocrx_word' id='word_1_475' title='bbox 1550 1616 1657 1643; x_wconf 75' lang='lat' dir='ltr'><strong><em>nempe,</em></strong></span> <span class='ocrx_word' id='word_1_476' title='bbox 1679 1607 1776 1636; x_wconf 80' lang='lat' dir='ltr'><strong><em>Patres</em></strong></span> <span class='ocrx_word' id='word_1_477' title='bbox 1789 1610 1868 1636; x_wconf 81' lang='lat' dir='ltr'><strong><em>dam-</em></strong></span> 
     </span>
    </p>
   </div>
   <div class='ocr_carea' id='block_1_74' title="bbox 1084 1653 1869 1689">
    <p class='ocr_par' dir='ltr' id='par_1_74' title="bbox 1084 1653 1869 1689">
     <span class='ocr_line' id='line_1_74' title="bbox 1084 1653 1869 1689; baseline 0.001 -8"><span class='ocrx_word' id='word_1_478' title='bbox 1084 1659 1209 1681; x_wconf 76' lang='lat' dir='ltr'><strong><em>naverunt</em></strong></span> <span class='ocrx_word' id='word_1_479' title='bbox 1238 1662 1298 1680; x_wconf 91' lang='lat' dir='ltr'><strong><em>eum</em></strong></span> <span class='ocrx_word' id='word_1_480' title='bbox 1323 1662 1399 1688; x_wconf 89' lang='lat' dir='ltr'><strong><em>quem</em></strong></span> <span class='ocrx_word' id='word_1_481' title='bbox 1413 1662 1459 1688; x_wconf 85' lang='lat' dir='ltr'><strong><em>ego</em></strong></span> <span class='ocrx_word' id='word_1_482' title='bbox 1480 1653 1686 1686; x_wconf 74' lang='lat' dir='ltr'><strong><em>anathematizo,</em></strong></span> <span class='ocrx_word' id='word_1_483' title='bbox 1705 1655 1869 1689; x_wconf 73' lang='lat' dir='ltr'><strong><em>maximeque</em></strong></span> 
     </span>
    </p>
   </div>
   <div class='ocr_carea' id='block_1_75' title="bbox 1083 1698 1870 1734">
    <p class='ocr_par' dir='ltr' id='par_1_75' title="bbox 1083 1698 1870 1734">
     <span class='ocr_line' id='line_1_75' title="bbox 1083 1698 1870 1734; baseline 0 -8"><span class='ocrx_word' id='word_1_484' title='bbox 1083 1699 1228 1726; x_wconf 82' lang='lat' dir='ltr'><strong><em>Paulinum</em></strong></span> <span class='ocrx_word' id='word_1_485' title='bbox 1257 1699 1314 1733; x_wconf 73' lang='lat' dir='ltr'><strong><em>ejus</em></strong></span> <span class='ocrx_word' id='word_1_486' title='bbox 1334 1699 1508 1734; x_wconf 83' lang='lat' dir='ltr'><strong><em>magistrum;</em></strong></span> <span class='ocrx_word' id='word_1_487' title='bbox 1537 1698 1626 1730; x_wconf 82' lang='lat' dir='ltr'><strong><em>locus,</em></strong></span> <span class='ocrx_word' id='word_1_488' title='bbox 1656 1699 1784 1734; x_wconf 85' lang='lat' dir='ltr'><strong><em>inquam,</em></strong></span> <span class='ocrx_word' id='word_1_489' title='bbox 1811 1701 1870 1732; x_wconf 80' lang='lat' dir='ltr'><strong><em>ille,</em></strong></span> 
     </span>
    </p>
   </div>
   <div class='ocr_carea' id='block_1_76' title="bbox 1083 1745 1869 1780">
    <p class='ocr_par' dir='ltr' id='par_1_76' title="bbox 1083 1745 1869 1780">
     <span class='ocr_line' id='line_1_76' title="bbox 1083 1745 1869 1780; baseline 0.003 -8"><span class='ocrx_word' id='word_1_490' title='bbox 1083 1745 1189 1772; x_wconf 87' lang='lat' dir='ltr'><strong><em>etiamsi</em></strong></span> <span class='ocrx_word' id='word_1_491' title='bbox 1203 1745 1391 1780; x_wconf 81' lang='lat' dir='ltr'><strong><em>Chrysostomi</em></strong></span> <span class='ocrx_word' id='word_1_492' title='bbox 1405 1749 1486 1777; x_wconf 77' lang='lat' dir='ltr'><strong><em>esset,</em></strong></span> <span class='ocrx_word' id='word_1_493' title='bbox 1511 1752 1565 1772; x_wconf 87' lang='lat' dir='ltr'><strong><em>non</em></strong></span> <span class='ocrx_word' id='word_1_494' title='bbox 1592 1745 1669 1773; x_wconf 87' lang='lat' dir='ltr'><strong><em>video</em></strong></span> <span class='ocrx_word' id='word_1_495' title='bbox 1684 1754 1736 1780; x_wconf 82' lang='lat' dir='ltr'><strong><em>qua</em></strong></span> <span class='ocrx_word' id='word_1_496' title='bbox 1761 1747 1869 1774; x_wconf 77' lang='lat' dir='ltr'><strong><em>ratione</em></strong></span> 
     </span>
    </p>
   </div>
   <div class='ocr_carea' id='block_1_77' title="bbox 1083 1788 1868 1826">
    <p class='ocr_par' dir='ltr' id='par_1_77' title="bbox 1083 1788 1868 1826">
     <span class='ocr_line' id='line_1_77' title="bbox 1083 1788 1868 1826; baseline 0.001 -9"><span class='ocrx_word' id='word_1_497' title='bbox 1083 1791 1211 1826; x_wconf 77' lang='lat' dir='ltr'><strong><em>probaret</em></strong></span> <span class='ocrx_word' id='word_1_498' title='bbox 1223 1789 1279 1824; x_wconf 88' lang='lat' dir='ltr'><strong><em>jam</em></strong></span> <span class='ocrx_word' id='word_1_499' title='bbox 1293 1789 1451 1816; x_wconf 75' lang='lat' dir='ltr'><strong><em>defunctum</em></strong></span> <span class='ocrx_word' id='word_1_500' title='bbox 1466 1789 1551 1817; x_wconf 76' lang='lat' dir='ltr'><strong><em>fuisse</em></strong></span> <span class='ocrx_word' id='word_1_501' title='bbox 1566 1788 1723 1821; x_wconf 83' lang='lat' dir='ltr'><strong><em>Paulinum,</em></strong></span> <span class='ocrx_word' id='word_1_502' title='bbox 1740 1799 1790 1818; x_wconf 87' lang='lat' dir='ltr'><strong><em>nec</em></strong></span> <span class='ocrx_word' id='word_1_503' title='bbox 1803 1797 1868 1824; x_wconf 91' lang='lat' dir='ltr'><strong><em>puto</em></strong></span> 
     </span>
    </p>
   </div>
   <div class='ocr_carea' id='block_1_78' title="bbox 1083 1833 1867 1870">
    <p class='ocr_par' dir='ltr' id='par_1_78' title="bbox 1083 1833 1867 1870">
     <span class='ocr_line' id='line_1_78' title="bbox 1083 1833 1867 1870; baseline 0.003 -8"><span class='ocrx_word' id='word_1_504' title='bbox 1083 1835 1236 1870; x_wconf 84' lang='lat' dir='ltr'><strong><em>quempiam</em></strong></span> <span class='ocrx_word' id='word_1_505' title='bbox 1252 1834 1309 1860; x_wconf 81' lang='lat' dir='ltr'><strong><em>fore</em></strong></span> <span class='ocrx_word' id='word_1_506' title='bbox 1324 1838 1378 1860; x_wconf 87' lang='lat' dir='ltr'><strong><em>tam</em></strong></span> <span class='ocrx_word' id='word_1_507' title='bbox 1395 1833 1532 1869; x_wconf 80' lang='lat' dir='ltr'><strong><em>Lvnccum</em></strong></span> <span class='ocrx_word' id='word_1_508' title='bbox 1547 1839 1576 1861; x_wconf 91' lang='lat' dir='ltr'><strong><em>ut</em></strong></span> <span class='ocrx_word' id='word_1_509' title='bbox 1591 1835 1634 1862; x_wconf 89' lang='lat' dir='ltr'><strong><em>hic</em></strong></span> <span class='ocrx_word' id='word_1_510' title='bbox 1645 1834 1750 1862; x_wconf 85' lang='lat' dir='ltr'><strong><em>Paulini</em></strong></span> <span class='ocrx_word' id='word_1_511' title='bbox 1763 1836 1867 1864; x_wconf 90' lang='lat' dir='ltr'><strong><em>obitum</em></strong></span> 
     </span>
    </p>
   </div>
   <div class='ocr_carea' id='block_1_79' title="bbox 1083 1879 1868 1918">
    <p class='ocr_par' dir='ltr' id='par_1_79' title="bbox 1083 1879 1868 1918">
     <span class='ocr_line' id='line_1_79' title="bbox 1083 1879 1868 1918; baseline 0 -10"><span class='ocrx_word' id='word_1_512' title='bbox 1083 1881 1237 1917; x_wconf 74' lang='lat' dir='ltr'><strong><em>perspiciat.</em></strong></span> <span class='ocrx_word' id='word_1_513' title='bbox 1251 1879 1351 1908; x_wconf 75' lang='lat' dir='ltr'><strong><em>Verum</em></strong></span> <span class='ocrx_word' id='word_1_514' title='bbox 1365 1880 1446 1915; x_wconf 75' lang='lat' dir='ltr'><strong><em>longe</em></strong></span> <span class='ocrx_word' id='word_1_515' title='bbox 1460 1880 1539 1907; x_wconf 86' lang='lat' dir='ltr'><strong><em>aliter</em></strong></span> <span class='ocrx_word' id='word_1_516' title='bbox 1554 1888 1582 1908; x_wconf 86' lang='lat' dir='ltr'><strong><em>se</em></strong></span> <span class='ocrx_word' id='word_1_517' title='bbox 1598 1881 1679 1908; x_wconf 84' lang='lat' dir='ltr'><strong><em>habet</em></strong></span> <span class='ocrx_word' id='word_1_518' title='bbox 1692 1882 1764 1916; x_wconf 88' lang='lat' dir='ltr'><strong><em>apud</em></strong></span> <span class='ocrx_word' id='word_1_519' title='bbox 1781 1882 1868 1918; x_wconf 76' lang='lat' dir='ltr'><strong><em>Chry-</em></strong></span> 
     </span>
    </p>
   </div>
   <div class='ocr_carea' id='block_1_80' title="bbox 1082 1926 1865 1962">
    <p class='ocr_par' dir='ltr' id='par_1_80' title="bbox 1082 1926 1865 1962">
     <span class='ocr_line' id='line_1_80' title="bbox 1082 1926 1865 1962; baseline 0.001 -8"><span class='ocrx_word' id='word_1_520' title='bbox 1082 1931 1235 1954; x_wconf 88' lang='lat' dir='ltr'><strong><em>sostomum</em></strong></span> <span class='ocrx_word' id='word_1_521' title='bbox 1253 1926 1398 1959; x_wconf 77' lang='lat' dir='ltr'><strong><em>illelocus,</em></strong></span> <span class='ocrx_word' id='word_1_522' title='bbox 1415 1931 1445 1953; x_wconf 93' lang='lat' dir='ltr'><strong><em>ut</em></strong></span> <span class='ocrx_word' id='word_1_523' title='bbox 1460 1934 1522 1953; x_wconf 88' lang='lat' dir='ltr'><strong><em>mox</em></strong></span> <span class='ocrx_word' id='word_1_524' title='bbox 1551 1926 1616 1962; x_wconf 86' lang='lat' dir='ltr'><strong><em>ipsis</em></strong></span> <span class='ocrx_word' id='word_1_525' title='bbox 1639 1927 1729 1955; x_wconf 88' lang='lat' dir='ltr'><strong><em>verbis</em></strong></span> <span class='ocrx_word' id='word_1_526' title='bbox 1759 1927 1785 1956; x_wconf 87' lang='lat' dir='ltr'><strong><em>iu</em></strong></span> <span class='ocrx_word' id='word_1_527' title='bbox 1810 1937 1865 1956; x_wconf 84' lang='lat' dir='ltr'><strong><em>nic-</em></strong></span> 
     </span>
    </p>
   </div>
   <div class='ocr_carea' id='block_1_81' title="bbox 1083 1971 1476 2005">
    <p class='ocr_par' dir='ltr' id='par_1_81' title="bbox 1083 1971 1476 2005">
     <span class='ocr_line' id='line_1_81' title="bbox 1083 1971 1476 2005; baseline -0.005 -6"><span class='ocrx_word' id='word_1_528' title='bbox 1083 1972 1156 2000; x_wconf 84' lang='lat' dir='ltr'><strong><em>dinm</em></strong></span> <span class='ocrx_word' id='word_1_529' title='bbox 1173 1971 1297 1998; x_wconf 81' lang='lat' dir='ltr'><strong><em>adductis</em></strong></span> <span class='ocrx_word' id='word_1_530' title='bbox 1313 1971 1400 2005; x_wconf 82' lang='lat' dir='ltr'><strong><em>palatii</em></strong></span> <span class='ocrx_word' id='word_1_531' title='bbox 1415 1971 1476 1998; x_wconf 89' lang='lat' dir='ltr'><strong><em>erit.</em></strong></span> 
     </span>
    </p>
   </div>
   <div class='ocr_carea' id='block_1_82' title="bbox 1120 2016 1867 2051">
    <p class='ocr_par' dir='ltr' id='par_1_82' title="bbox 1120 2016 1867 2051">
     <span class='ocr_line' id='line_1_82' title="bbox 1120 2016 1867 2051; baseline -0.001 -7"><span class='ocrx_word' id='word_1_532' title='bbox 1120 2016 1155 2044; x_wconf 89' lang='lat' dir='ltr'><strong><em>Ut</em></strong></span> <span class='ocrx_word' id='word_1_533' title='bbox 1169 2021 1258 2044; x_wconf 82' lang='lat' dir='ltr'><strong><em>autem</em></strong></span> <span class='ocrx_word' id='word_1_534' title='bbox 1276 2024 1331 2051; x_wconf 87' lang='lat' dir='ltr'><strong><em>quo</em></strong></span> <span class='ocrx_word' id='word_1_535' title='bbox 1346 2017 1372 2042; x_wconf 93' lang='lat' dir='ltr'><strong><em>in</em></strong></span> <span class='ocrx_word' id='word_1_536' title='bbox 1388 2020 1459 2043; x_wconf 86' lang='lat' dir='ltr'><strong><em>statu</em></strong></span> <span class='ocrx_word' id='word_1_537' title='bbox 1479 2020 1544 2043; x_wconf 86' lang='lat' dir='ltr'><strong><em>tunc</em></strong></span> <span class='ocrx_word' id='word_1_538' title='bbox 1569 2023 1641 2043; x_wconf 85' lang='lat' dir='ltr'><strong><em>esset</em></strong></span> <span class='ocrx_word' id='word_1_539' title='bbox 1668 2016 1787 2044; x_wconf 86' lang='lat' dir='ltr'><strong><em>Ecclesia</em></strong></span> <span class='ocrx_word' id='word_1_540' title='bbox 1810 2016 1867 2043; x_wconf 77' lang='lat' dir='ltr'><strong><em>An-</em></strong></span> 
     </span>
    </p>
   </div>
   <div class='ocr_carea' id='block_1_83' title="bbox 1083 2062 1866 2097">
    <p class='ocr_par' dir='ltr' id='par_1_83' title="bbox 1083 2062 1866 2097">
     <span class='ocr_line' id='line_1_83' title="bbox 1083 2062 1866 2097; baseline 0 -8"><span class='ocrx_word' id='word_1_541' title='bbox 1083 2063 1208 2090; x_wconf 85' lang='lat' dir='ltr'><strong><em>tiochcna</em></strong></span> <span class='ocrx_word' id='word_1_542' title='bbox 1240 2062 1414 2097; x_wconf 75' lang='lat' dir='ltr'><strong><em>intelligatur.</em></strong></span> <span class='ocrx_word' id='word_1_543' title='bbox 1442 2062 1514 2096; x_wconf 87' lang='lat' dir='ltr'><strong><em>quod</em></strong></span> <span class='ocrx_word' id='word_1_544' title='bbox 1543 2070 1607 2089; x_wconf 89' lang='lat' dir='ltr'><strong><em>sane</em></strong></span> <span class='ocrx_word' id='word_1_545' title='bbox 1636 2063 1670 2089; x_wconf 88' lang='lat' dir='ltr'><strong><em>ad</em></strong></span> <span class='ocrx_word' id='word_1_546' title='bbox 1698 2063 1866 2097; x_wconf 85' lang='lat' dir='ltr'><strong><em>propositam</em></strong></span> 
     </span>
    </p>
   </div>
   <div class='ocr_carea' id='block_1_84' title="bbox 1082 2107 1868 2142">
    <p class='ocr_par' dir='ltr' id='par_1_84' title="bbox 1082 2107 1868 2142">
     <span class='ocr_line' id='line_1_84' title="bbox 1082 2107 1868 2142; baseline 0.001 -8"><span class='ocrx_word' id='word_1_547' title='bbox 1082 2108 1260 2142; x_wconf 77' lang='lat' dir='ltr'><strong><em>quzestionem</em></strong></span> <span class='ocrx_word' id='word_1_548' title='bbox 1286 2107 1442 2134; x_wconf 85' lang='lat' dir='ltr'><strong><em>solvendam</em></strong></span> <span class='ocrx_word' id='word_1_549' title='bbox 1464 2107 1578 2134; x_wconf 88' lang='lat' dir='ltr'><strong><em>multum</em></strong></span> <span class='ocrx_word' id='word_1_550' title='bbox 1603 2107 1727 2140; x_wconf 83' lang='lat' dir='ltr'><strong><em>confert,</em></strong></span> <span class='ocrx_word' id='word_1_551' title='bbox 1760 2115 1804 2135; x_wconf 73' lang='lat' dir='ltr'><strong><em>res</em></strong></span> <span class='ocrx_word' id='word_1_552' title='bbox 1826 2114 1868 2135; x_wconf 80' lang='lat' dir='ltr'><strong><em>est</em></strong></span> 
     </span>
    </p>
   </div>
   <div class='ocr_carea' id='block_1_85' title="bbox 1083 2153 1869 2188">
    <p class='ocr_par' dir='ltr' id='par_1_85' title="bbox 1083 2153 1869 2188">
     <span class='ocr_line' id='line_1_85' title="bbox 1083 2153 1869 2188; baseline 0.001 -8"><span class='ocrx_word' id='word_1_553' title='bbox 1083 2153 1163 2180; x_wconf 83' lang='lat' dir='ltr'><strong><em>altius</em></strong></span> <span class='ocrx_word' id='word_1_554' title='bbox 1175 2153 1328 2187; x_wconf 86' lang='lat' dir='ltr'><strong><em>repetenda.</em></strong></span> <span class='ocrx_word' id='word_1_555' title='bbox 1341 2153 1498 2180; x_wconf 83' lang='lat' dir='ltr'><strong><em>Eustathius</em></strong></span> <span class='ocrx_word' id='word_1_556' title='bbox 1509 2154 1654 2188; x_wconf 76' lang='lat' dir='ltr'><strong><em>episcopus</em></strong></span> <span class='ocrx_word' id='word_1_557' title='bbox 1668 2154 1869 2187; x_wconf 76' lang='lat' dir='ltr'><strong><em>Antiocbcnns,</em></strong></span> 
     </span>
    </p>
   </div>
   <div class='ocr_carea' id='block_1_86' title="bbox 1085 2198 1866 2234">
    <p class='ocr_par' dir='ltr' id='par_1_86' title="bbox 1085 2198 1866 2234">
     <span class='ocr_line' id='line_1_86' title="bbox 1085 2198 1866 2234; baseline 0.004 -9"><span class='ocrx_word' id='word_1_558' title='bbox 1085 2199 1126 2225; x_wconf 86' lang='lat' dir='ltr'><strong><em>vir</em></strong></span> <span class='ocrx_word' id='word_1_559' title='bbox 1145 2204 1256 2226; x_wconf 87' lang='lat' dir='ltr'><strong><em>sanctus</em></strong></span> <span class='ocrx_word' id='word_1_560' title='bbox 1271 2203 1298 2225; x_wconf 86' lang='lat' dir='ltr'><strong><em>cl</em></strong></span> <span class='ocrx_word' id='word_1_561' title='bbox 1314 2198 1482 2228; x_wconf 82' lang='lat' dir='ltr'><strong><em>Catholicus.</em></strong></span> <span class='ocrx_word' id='word_1_562' title='bbox 1499 2199 1612 2234; x_wconf 85' lang='lat' dir='ltr'><strong><em>ideoque</em></strong></span> <span class='ocrx_word' id='word_1_563' title='bbox 1626 2199 1734 2226; x_wconf 85' lang='lat' dir='ltr'><strong><em>Arianis</em></strong></span> <span class='ocrx_word' id='word_1_564' title='bbox 1749 2200 1866 2231; x_wconf 78' lang='lat' dir='ltr'><strong><em>inrisus.</em></strong></span> 
     </span>
    </p>
   </div>
   <div class='ocr_carea' id='block_1_87' title="bbox 1083 2244 1867 2279">
    <p class='ocr_par' dir='ltr' id='par_1_87' title="bbox 1083 2244 1867 2279">
     <span class='ocr_line' id='line_1_87' title="bbox 1083 2244 1867 2279; baseline -0.001 -7"><span class='ocrx_word' id='word_1_565' title='bbox 1083 2244 1204 2279; x_wconf 85' lang='lat' dir='ltr'><strong><em>ipsorum</em></strong></span> <span class='ocrx_word' id='word_1_566' title='bbox 1225 2252 1304 2279; x_wconf 83' lang='lat' dir='ltr'><strong><em>opera</em></strong></span> <span class='ocrx_word' id='word_1_567' title='bbox 1322 2250 1348 2272; x_wconf 86' lang='lat' dir='ltr'><strong><em>et</em></strong></span> <span class='ocrx_word' id='word_1_568' title='bbox 1364 2245 1508 2271; x_wconf 84' lang='lat' dir='ltr'><strong><em>calumniis</em></strong></span> <span class='ocrx_word' id='word_1_569' title='bbox 1524 2244 1665 2278; x_wconf 81' lang='lat' dir='ltr'><strong><em>depositus</em></strong></span> <span class='ocrx_word' id='word_1_570' title='bbox 1684 2245 1711 2271; x_wconf 94' lang='lat' dir='ltr'><strong><em>in</em></strong></span> <span class='ocrx_word' id='word_1_571' title='bbox 1724 2245 1867 2272; x_wconf 80' lang='lat' dir='ltr'><strong><em>exsilium-</em></strong></span> 
     </span>
    </p>
   </div>
   <div class='ocr_carea' id='block_1_88' title="bbox 1083 2289 1868 2325">
    <p class='ocr_par' dir='ltr' id='par_1_88' title="bbox 1083 2289 1868 2325">
     <span class='ocr_line' id='line_1_88' title="bbox 1083 2289 1868 2325; baseline -0.003 -9"><span class='ocrx_word' id='word_1_572' title='bbox 1083 2298 1136 2324; x_wconf 87' lang='lat' dir='ltr'><strong><em>que</em></strong></span> <span class='ocrx_word' id='word_1_573' title='bbox 1151 2294 1229 2317; x_wconf 90' lang='lat' dir='ltr'><strong><em>actus</em></strong></span> <span class='ocrx_word' id='word_1_574' title='bbox 1245 2289 1333 2316; x_wconf 81' lang='lat' dir='ltr'><strong><em>fuerat</em></strong></span> <span class='ocrx_word' id='word_1_575' title='bbox 1352 2297 1423 2316; x_wconf 92' lang='lat' dir='ltr'><strong><em>anno</em></strong></span> <span class='ocrx_word' id='word_1_576' title='bbox 1437 2290 1546 2316; x_wconf 88' lang='lat' dir='ltr'><strong><em>circiter</em></strong></span> <span class='ocrx_word' id='word_1_577' title='bbox 1563 2289 1631 2321; x_wconf 79' lang='lat'><strong><em>530,</em></strong></span> <span class='ocrx_word' id='word_1_578' title='bbox 1653 2291 1678 2316; x_wconf 94' lang='lat' dir='ltr'><strong><em>in</em></strong></span> <span class='ocrx_word' id='word_1_579' title='bbox 1695 2290 1808 2325; x_wconf 85' lang='lat' dir='ltr'><strong><em>ejusque</em></strong></span> <span class='ocrx_word' id='word_1_580' title='bbox 1828 2291 1868 2316; x_wconf 77' lang='lat' dir='ltr'><strong><em>lu-</em></strong></span> 
     </span>
    </p>
   </div>
   <div class='ocr_carea' id='block_1_89' title="bbox 1084 2335 1869 2370">
    <p class='ocr_par' dir='ltr' id='par_1_89' title="bbox 1084 2335 1869 2370">
     <span class='ocr_line' id='line_1_89' title="bbox 1084 2335 1869 2370; baseline 0.001 -10"><span class='ocrx_word' id='word_1_581' title='bbox 1084 2342 1146 2361; x_wconf 90' lang='lat' dir='ltr'><strong><em>cum</em></strong></span> <span class='ocrx_word' id='word_1_582' title='bbox 1163 2335 1327 2362; x_wconf 79' lang='lat' dir='ltr'><strong><em>substitutus</em></strong></span> <span class='ocrx_word' id='word_1_583' title='bbox 1344 2339 1384 2361; x_wconf 91' lang='lat' dir='ltr'><strong><em>csl</em></strong></span> <span class='ocrx_word' id='word_1_584' title='bbox 1402 2335 1471 2362; x_wconf 88' lang='lat' dir='ltr'><strong><em>alius</em></strong></span> <span class='ocrx_word' id='word_1_585' title='bbox 1487 2335 1631 2370; x_wconf 82' lang='lat' dir='ltr'><strong><em>cpiscopus</em></strong></span> <span class='ocrx_word' id='word_1_586' title='bbox 1646 2335 1777 2366; x_wconf 79' lang='lat' dir='ltr'><strong><em>Arianus,</em></strong></span> <span class='ocrx_word' id='word_1_587' title='bbox 1789 2336 1869 2362; x_wconf 69' lang='lat' dir='ltr'><strong><em>doin-</em></strong></span> 
     </span>
    </p>
   </div>
   <div class='ocr_carea' id='block_1_90' title="bbox 1084 2380 1869 2416">
    <p class='ocr_par' dir='ltr' id='par_1_90' title="bbox 1084 2380 1869 2416">
     <span class='ocr_line' id='line_1_90' title="bbox 1084 2380 1869 2416; baseline 0.003 -10"><span class='ocrx_word' id='word_1_588' title='bbox 1084 2388 1201 2414; x_wconf 87' lang='lat' dir='ltr'><strong><em>ccpsque</em></strong></span> <span class='ocrx_word' id='word_1_589' title='bbox 1235 2380 1391 2407; x_wconf 86' lang='lat' dir='ltr'><strong><em>continuata</em></strong></span> <span class='ocrx_word' id='word_1_590' title='bbox 1428 2381 1603 2408; x_wconf 83' lang='lat' dir='ltr'><strong><em>successione</em></strong></span> <span class='ocrx_word' id='word_1_591' title='bbox 1637 2381 1759 2416; x_wconf 82' lang='lat' dir='ltr'><strong><em>ejusdem</em></strong></span> <span class='ocrx_word' id='word_1_592' title='bbox 1785 2389 1869 2409; x_wconf 69' lang='lat' dir='ltr'><strong><em>serue</em></strong></span> 
     </span>
    </p>
   </div>
   <div class='ocr_carea' id='block_1_91' title="bbox 1083 2426 1870 2460">
    <p class='ocr_par' dir='ltr' id='par_1_91' title="bbox 1083 2426 1870 2460">
     <span class='ocr_line' id='line_1_91' title="bbox 1083 2426 1870 2460; baseline 0.001 -7"><span class='ocrx_word' id='word_1_593' title='bbox 1083 2426 1203 2460; x_wconf 77' lang='lat' dir='ltr'><strong><em>episcopi</em></strong></span> <span class='ocrx_word' id='word_1_594' title='bbox 1227 2426 1426 2453; x_wconf 78' lang='lat' dir='ltr'><strong><em>Antiochenam</em></strong></span> <span class='ocrx_word' id='word_1_595' title='bbox 1447 2432 1556 2453; x_wconf 84' lang='lat' dir='ltr'><strong><em>tenuere</em></strong></span> <span class='ocrx_word' id='word_1_596' title='bbox 1583 2427 1690 2458; x_wconf 85' lang='lat' dir='ltr'><strong><em>sedem,</em></strong></span> <span class='ocrx_word' id='word_1_597' title='bbox 1718 2427 1870 2455; x_wconf 82' lang='lat' dir='ltr'><strong><em>Catholicis</em></strong></span> 
     </span>
    </p>
   </div>
   <div class='ocr_carea' id='block_1_92' title="bbox 1084 2471 1870 2508">
    <p class='ocr_par' dir='ltr' id='par_1_92' title="bbox 1084 2471 1870 2508">
     <span class='ocr_line' id='line_1_92' title="bbox 1084 2471 1870 2508; baseline 0.001 -10"><span class='ocrx_word' id='word_1_598' title='bbox 1084 2472 1190 2498; x_wconf 82' lang='lat' dir='ltr'><strong><em>interim</em></strong></span> <span class='ocrx_word' id='word_1_599' title='bbox 1202 2479 1262 2499; x_wconf 88' lang='lat' dir='ltr'><strong><em>cum</em></strong></span> <span class='ocrx_word' id='word_1_600' title='bbox 1272 2471 1346 2508; x_wconf 76' lang='grc'><strong><em>[690]</em></strong></span> <span class='ocrx_word' id='word_1_601' title='bbox 1355 2472 1531 2499; x_wconf 85' lang='lat' dir='ltr'><strong><em>Eustathiano</em></strong></span> <span class='ocrx_word' id='word_1_602' title='bbox 1540 2472 1609 2499; x_wconf 81' lang='lat' dir='ltr'><strong><em>clero</em></strong></span> <span class='ocrx_word' id='word_1_603' title='bbox 1618 2473 1730 2499; x_wconf 71' lang='lat' dir='ltr'><strong><em>seorsint</em></strong></span> <span class='ocrx_word' id='word_1_604' title='bbox 1741 2473 1870 2500; x_wconf 76' lang='lat' dir='ltr'><strong><em>collectas</em></strong></span> 
     </span>
    </p>
   </div>
   <div class='ocr_carea' id='block_1_93' title="bbox 1085 2518 1867 2553">
    <p class='ocr_par' dir='ltr' id='par_1_93' title="bbox 1085 2518 1867 2553">
     <span class='ocr_line' id='line_1_93' title="bbox 1085 2518 1867 2553; baseline 0.003 -9"><span class='ocrx_word' id='word_1_605' title='bbox 1085 2518 1236 2552; x_wconf 75' lang='lat' dir='ltr'><strong><em>ngottlibus,</em></strong></span> <span class='ocrx_word' id='word_1_606' title='bbox 1259 2519 1346 2545; x_wconf 84' lang='lat' dir='ltr'><strong><em>dulice</em></strong></span> <span class='ocrx_word' id='word_1_607' title='bbox 1375 2518 1468 2545; x_wconf 81' lang='lat' dir='ltr'><strong><em>Ariani</em></strong></span> <span class='ocrx_word' id='word_1_608' title='bbox 1497 2518 1642 2550; x_wconf 84' lang='lat' dir='ltr'><strong><em>Mclctiutn,</em></strong></span> <span class='ocrx_word' id='word_1_609' title='bbox 1661 2527 1741 2553; x_wconf 86' lang='lat' dir='ltr'><strong><em>quem</em></strong></span> <span class='ocrx_word' id='word_1_610' title='bbox 1770 2519 1867 2546; x_wconf 71' lang='lat' dir='ltr'><strong><em>luet-esi</em></strong></span> 
     </span>
    </p>
   </div>
   <div class='ocr_carea' id='block_1_94' title="bbox 1084 2564 1866 2599">
    <p class='ocr_par' dir='ltr' id='par_1_94' title="bbox 1084 2564 1866 2599">
     <span class='ocr_line' id='line_1_94' title="bbox 1084 2564 1866 2599; baseline 0 -9"><span class='ocrx_word' id='word_1_611' title='bbox 1084 2571 1141 2590; x_wconf 77' lang='lat' dir='ltr'><strong><em>sua:</em></strong></span> <span class='ocrx_word' id='word_1_612' title='bbox 1153 2564 1288 2590; x_wconf 84' lang='lat' dir='ltr'><strong><em>addictum</em></strong></span> <span class='ocrx_word' id='word_1_613' title='bbox 1313 2564 1453 2598; x_wconf 80' lang='lat' dir='ltr'><strong><em>putabant,</em></strong></span> <span class='ocrx_word' id='word_1_614' title='bbox 1471 2566 1496 2590; x_wconf 93' lang='lat' dir='ltr'><strong><em>in</em></strong></span> <span class='ocrx_word' id='word_1_615' title='bbox 1521 2564 1679 2598; x_wconf 84' lang='lat' dir='ltr'><strong><em>episcopum</em></strong></span> <span class='ocrx_word' id='word_1_616' title='bbox 1695 2564 1866 2599; x_wconf 76' lang='lat' dir='ltr'><strong><em>adlcgcrunt.</em></strong></span> 
     </span>
    </p>
   </div>
   <div class='ocr_carea' id='block_1_95' title="bbox 1082 2608 1868 2643">
    <p class='ocr_par' dir='ltr' id='par_1_95' title="bbox 1082 2608 1868 2643">
     <span class='ocr_line' id='line_1_95' title="bbox 1082 2608 1868 2643; baseline 0.004 -9"><span class='ocrx_word' id='word_1_617' title='bbox 1082 2608 1116 2636; x_wconf 85' lang='lat' dir='ltr'><strong><em>At</em></strong></span> <span class='ocrx_word' id='word_1_618' title='bbox 1142 2609 1186 2635; x_wconf 92' lang='lat' dir='ltr'><strong><em>ubi</em></strong></span> <span class='ocrx_word' id='word_1_619' title='bbox 1205 2615 1298 2643; x_wconf 81' lang='lat' dir='ltr'><strong><em>postea</em></strong></span> <span class='ocrx_word' id='word_1_620' title='bbox 1327 2610 1524 2643; x_wconf 74' lang='lat' dir='ltr'><strong><em>comperissent</em></strong></span> <span class='ocrx_word' id='word_1_621' title='bbox 1553 2610 1626 2636; x_wconf 86' lang='lat' dir='ltr'><strong><em>illum</em></strong></span> <span class='ocrx_word' id='word_1_622' title='bbox 1657 2610 1798 2636; x_wconf 67' lang='lat' dir='ltr'><strong><em>catholica:</em></strong></span> <span class='ocrx_word' id='word_1_623' title='bbox 1829 2611 1868 2637; x_wconf 85' lang='lat' dir='ltr'><strong><em>r-:i</em></strong></span> 
     </span>
    </p>
   </div>
   <div class='ocr_carea' id='block_1_96' title="bbox 1083 2654 1871 2689">
    <p class='ocr_par' dir='ltr' id='par_1_96' title="bbox 1083 2654 1871 2689">
     <span class='ocr_line' id='line_1_96' title="bbox 1083 2654 1871 2689; baseline 0 -9"><span class='ocrx_word' id='word_1_624' title='bbox 1083 2654 1218 2680; x_wconf 85' lang='lat' dir='ltr'><strong><em>vindicem</em></strong></span> <span class='ocrx_word' id='word_1_625' title='bbox 1232 2654 1395 2689; x_wconf 79' lang='lat' dir='ltr'><strong><em>Arianisque</em></strong></span> <span class='ocrx_word' id='word_1_626' title='bbox 1410 2655 1538 2682; x_wconf 81' lang='lat' dir='ltr'><strong><em>infestum</em></strong></span> <span class='ocrx_word' id='word_1_627' title='bbox 1552 2663 1622 2687; x_wconf 77' lang='lat' dir='ltr'><strong><em>esse,</em></strong></span> <span class='ocrx_word' id='word_1_628' title='bbox 1638 2654 1724 2682; x_wconf 85' lang='lat' dir='ltr'><strong><em>viru&#39;m</em></strong></span> <span class='ocrx_word' id='word_1_629' title='bbox 1741 2656 1767 2682; x_wconf 93' lang='lat' dir='ltr'><strong><em>in</em></strong></span> <span class='ocrx_word' id='word_1_630' title='bbox 1793 2664 1871 2683; x_wconf 68' lang='lat' dir='ltr'><strong><em>eni-</em></strong></span> 
     </span>
    </p>
   </div>
   <div class='ocr_carea' id='block_1_97' title="bbox 1084 2699 1870 2735">
    <p class='ocr_par' dir='ltr' id='par_1_97' title="bbox 1084 2699 1870 2735">
     <span class='ocr_line' id='line_1_97' title="bbox 1084 2699 1870 2735; baseline 0.006 -10"><span class='ocrx_word' id='word_1_631' title='bbox 1084 2699 1148 2726; x_wconf 89' lang='lat' dir='ltr'><strong><em>lium</em></strong></span> <span class='ocrx_word' id='word_1_632' title='bbox 1169 2700 1230 2733; x_wconf 81' lang='lat' dir='ltr'><strong><em>pelli</em></strong></span> <span class='ocrx_word' id='word_1_633' title='bbox 1246 2705 1354 2731; x_wconf 82' lang='lat' dir='ltr'><strong><em>curant.</em></strong></span> <span class='ocrx_word' id='word_1_634' title='bbox 1370 2701 1396 2727; x_wconf 92' lang='lat' dir='ltr'><strong><em>in</em></strong></span> <span class='ocrx_word' id='word_1_635' title='bbox 1413 2702 1526 2735; x_wconf 80' lang='lat' dir='ltr'><strong><em>ejusque</em></strong></span> <span class='ocrx_word' id='word_1_636' title='bbox 1542 2702 1630 2728; x_wconf 87' lang='lat' dir='ltr'><strong><em>locum</em></strong></span> <span class='ocrx_word' id='word_1_637' title='bbox 1646 2702 1775 2729; x_wconf 71' lang='lat' dir='ltr'><strong><em>Euzoium</em></strong></span> <span class='ocrx_word' id='word_1_638' title='bbox 1792 2703 1870 2730; x_wconf 74' lang='lat' dir='ltr'><strong><em>Aria~</em></strong></span> 
     </span>
    </p>
   </div>
   <div class='ocr_carea' id='block_1_98' title="bbox 1083 2746 1868 2782">
    <p class='ocr_par' dir='ltr' id='par_1_98' title="bbox 1083 2746 1868 2782">
     <span class='ocr_line' id='line_1_98' title="bbox 1083 2746 1868 2782; baseline 0.004 -10"><span class='ocrx_word' id='word_1_639' title='bbox 1083 2753 1147 2772; x_wconf 88' lang='lat' dir='ltr'><strong><em>num</em></strong></span> <span class='ocrx_word' id='word_1_640' title='bbox 1163 2746 1339 2774; x_wconf 81' lang='lat' dir='ltr'><strong><em>substituunt.</em></strong></span> <span class='ocrx_word' id='word_1_641' title='bbox 1357 2746 1433 2773; x_wconf 88' lang='lat' dir='ltr'><strong><em>Tunc</em></strong></span> <span class='ocrx_word' id='word_1_642' title='bbox 1451 2755 1514 2773; x_wconf 75' lang='lat' dir='ltr'><strong><em>vero</em></strong></span> <span class='ocrx_word' id='word_1_643' title='bbox 1527 2753 1581 2774; x_wconf 67' lang='lat' dir='ltr'><strong><em>tres</em></strong></span> <span class='ocrx_word' id='word_1_644' title='bbox 1599 2748 1624 2774; x_wconf 90' lang='lat' dir='ltr'><strong><em>in</em></strong></span> <span class='ocrx_word' id='word_1_645' title='bbox 1652 2753 1740 2782; x_wconf 86' lang='lat' dir='ltr'><strong><em>partes</em></strong></span> <span class='ocrx_word' id='word_1_646' title='bbox 1764 2749 1868 2776; x_wconf 73' lang='lat' dir='ltr'><strong><em>distra-</em></strong></span> 
     </span>
    </p>
   </div>
   <div class='ocr_carea' id='block_1_99' title="bbox 1083 2792 1868 2827">
    <p class='ocr_par' dir='ltr' id='par_1_99' title="bbox 1083 2792 1868 2827">
     <span class='ocr_line' id='line_1_99' title="bbox 1083 2792 1868 2827; baseline 0.008 -11"><span class='ocrx_word' id='word_1_647' title='bbox 1083 2796 1125 2818; x_wconf 85' lang='lat' dir='ltr'><strong><em>cta</em></strong></span> <span class='ocrx_word' id='word_1_648' title='bbox 1142 2792 1235 2818; x_wconf 69' lang='lat' dir='ltr'><strong><em>civitas</em></strong></span> <span class='ocrx_word' id='word_1_649' title='bbox 1253 2792 1302 2818; x_wconf 82' lang='lat' dir='ltr'><strong><em>iuit</em></strong></span> <span class='ocrx_word' id='word_1_650' title='bbox 1324 2802 1329 2818; x_wconf 74' lang='grc' dir='ltr'>ς</span> <span class='ocrx_word' id='word_1_651' title='bbox 1349 2793 1432 2827; x_wconf 85' lang='lat' dir='ltr'><strong><em>prima</em></strong></span> <span class='ocrx_word' id='word_1_652' title='bbox 1449 2798 1506 2819; x_wconf 81' lang='lat' dir='ltr'><strong><em>crat</em></strong></span> <span class='ocrx_word' id='word_1_653' title='bbox 1524 2793 1774 2824; x_wconf 70' lang='lat' dir='ltr'><strong><em>l&#39;lu-t;itbianorttnt.</em></strong></span> <span class='ocrx_word' id='word_1_654' title='bbox 1807 2794 1868 2822; x_wconf 78' lang='lat' dir='ltr'><strong><em>sive</em></strong></span> 
     </span>
    </p>
   </div>
  </div>
