2045 3116
161 156 213 183 εὶῶὄ

163 219 257 241 eorum
274 213 320 246 qui
338 212 366 240 S.
393 212 527 240 Eustatltii
546 218 635 247 partes
649 215 735 241 secuti
751 214 868 245 fuerant.
882 219 944 252 qui-

163 266 217 293 que
245 257 345 285 Meletii
369 259 600 291 communionem,
625 261 697 294 quod
720 261 754 287 ab
782 261 889 290 Arianis
917 264 945 290 in

163 303 322 338 episcopum
338 308 481 338 cooptatus
496 303 603 336 fuisset,
621 305 804 340 respuebant;
826 308 945 335 secunda

164 347 378 381 Meletianorum,
398 349 501 376 scilicet
519 350 732 383 Cadtolicorum,
748 353 794 386 qui
808 351 945 380 Meletium

163 391 214 420 etsi
227 395 261 421 ab
272 394 381 422 Arianis
401 395 565 428 ordinatum,
582 401 673 431 utpote
697 397 865 426 tiatbolieum
883 407 947 426 san—

165 441 371 476 ctissitnumque
394 442 494 473 virtttn.
514 443 717 477 sequebantur;
734 445 812 471 tertia
832 445 948 472 Ariano-

165 493 236 518 ruttt,
252 486 298 520 qtti
313 493 375 512 cum
391 485 495 513 Euzoio
507 492 657 514 conventus
669 489 793 523 agebant.
811 488 947 517 Hactenus

165 535 255 557 tamen
270 531 377 557 nonnisi
394 530 449 558 duo
460 531 580 566 episcopi
595 532 748 560 Antiochiae
766 537 853 566 erant,
869 533 947 560 nimi-

166 583 227 601 rum
245 583 277 602 ex
294 580 369 609 parte
383 576 587 603 Catltolicorum
611 577 745 609 Meletins,
773 586 807 605 ex
833 579 949 606 Ariano-

167 628 230 646 rum
255 628 321 648 vero
351 627 425 656 parte
441 621 580 650 Euzoius:
600 631 661 650 nam
691 623 859 651 Eustatbiani
885 632 947 651 eum

166 665 280 693 Paulino
312 667 468 701 presbytero
506 668 619 694 seorsim
656 668 784 695 collectas
822 669 946 704 agebant.

166 710 349 744 Quamobrem
375 712 541 740 Athanasius
563 713 588 739 itt
618 714 721 749 synodo
748 713 948 747 Alexandrina,

167 764 239 783 antto
254 757 316 788 562,
344 758 407 784 totis
437 758 538 784 viribus
560 758 696 785 nitebatur
720 763 750 786 ttt
776 759 949 786 Eustathiani

168 801 319 830 Meletianis
356 803 587 837 adjungerentnr,
626 811 775 839 omnesque
818 805 949 833 Catholici

169 857 252 875 unum
288 847 423 874 lllclctium
442 849 598 882 episcopum
619 853 804 883 agnoscerent,
823 851 855 876 ad
873 858 949 877 cam-

167 902 220 929 que
233 902 287 920 rem
309 894 409 928 legatos
432 894 502 922 duos
535 894 680 921 Eusebium
705 894 900 922 Vcrcellensetn
922 899 950 922 et

167 939 305 966 Asterium
336 939 477 972 episcopos
503 946 517 965 a
553 939 656 974 synodo
685 940 854 967 Antiochiam
880 941 949 967 m'tti

167 984 281 1010 curavit.
302 984 402 1011 Verum
429 985 536 1012 interim
556 985 619 1012 dum
645 986 724 1020 legati
750 987 800 1013 iter
818 992 948 1021 agerent,

168 1029 276 1057 Lucifer
298 1030 469 1057 Calatitanus
486 1030 559 1065 piunt
587 1030 728 1057 Athanasii
743 1031 948 1058 Alexandrinae-

167 1084 220 1111 qtte
242 1077 336 1111 synodi
354 1076 495 1104 consilium
517 1076 715 1109 interturbavit,
738 1077 783 1111 qui
806 1077 949 1104 Paulinum

168 1121 195 1147 in
209 1122 364 1155 episcopum
386 1122 485 1156 adlegit
500 1131 506 1148 :
523 1122 557 1148 ita
578 1126 606 1148 ut
626 1127 681 1149 tres
692 1122 747 1157 jatn
761 1123 879 1158 episcopi
894 1124 950 1150 An-

169 1167 275 1193 tiochia:
289 1173 389 1199 essent,
410 1167 465 1193 duo
487 1167 630 1198 Catholici,
664 1175 735 1195 unus
763 1169 890 1195 Arianus.
911 1169 949 1196 Ex

170 1211 222 1238 hoc
237 1216 327 1239 autent
344 1212 544 1239 Catholicorum
559 1212 684 1246 dissidio,
703 1214 775 1248 quod
791 1214 871 1241 annis
882 1214 951 1241 bene

169 1257 261 1284 multis
276 1259 403 1292 perstitit,
425 1259 574 1285 innumerae
585 1259 650 1286 rixae
666 1260 783 1286 subortu:
799 1265 872 1291 sunt,
886 1267 952 1287 con-

168 1303 297 1334 tumcliae,
312 1304 434 1336 dicteria,
451 1304 604 1335 maledicta.
625 1305 724 1339 quibus
748 1313 776 1332 se
796 1310 890 1333 mutuo
908 1305 950 1332 di-

168 1349 254 1376 versis
267 1349 367 1377 addicti
385 1351 507 1384 partibus
523 1350 690 1377 lacerabant.
731 1350 859 1379 Paulinus
887 1358 951 1378 vero

168 1394 195 1420 in
220 1394 375 1429 episcopum
400 1395 522 1422 adlectus
543 1395 735 1423 Alexandrina:
761 1397 864 1432 synodo
886 1397 950 1424 sub-

169 1441 295 1474 scripsit,‘
318 1441 343 1468 in
364 1449 415 1476 qua
441 1441 627 1476 Apollinarius
650 1442 831 1476 Laodicenus,
854 1443 950 1477 quieo

169 1491 292 1513 oratores
305 1494 371 1514 suos
386 1488 535 1515 monachos
558 1487 678 1521 miserat,
705 1493 733 1515 ut
755 1489 949 1523 professionem

169 1531 229 1558 lidei
249 1539 306 1558 sua.
323 1532 348 1558 in
372 1537 445 1559 ctetu
465 1532 575 1559 Patrum
606 1533 729 1565 ederent,
751 1534 787 1561 ita
816 1539 904 1562 tamen
922 1539 952 1562 ut

167 1585 274 1605 errores
289 1585 355 1605 suos
370 1578 482 1605 subdole
503 1578 656 1610 reticerent,
685 1579 711 1606 in
732 1581 950 1607 commuttionem

169 1623 330 1651 admittitur.
355 1623 486 1651 Paulinus
505 1629 606 1656 autem,
631 1632 704 1651 anno
721 1625 773 1652 362
799 1625 950 1658 ordinatus,

168 1675 240 1695 anno
256 1667 307 1695 588
326 1669 366 1695 vel
383 1669 436 1695 389
449 1669 530 1696 linem
543 1669 650 1697 vivendi
665 1669 737 1697 fecit.

205 1720 267 1748 Iubeo
280 1722 467 1756 praemittenda
484 1726 572 1755 erant,
599 1727 627 1750 ut
653 1723 729 1750 loctts
746 1722 931 1758 Cltrysostomi
944 1746 951 1757 ,

169 1766 202 1793 de
216 1774 270 1801 quo
284 1775 355 1794 nunc
368 1767 468 1802 agitur,
491 1767 604 1803 intelligi
628 1769 724 1803 possit.
742 1768 831 1796 Verba
861 1775 952 1797 autem

168 1813 239 1847 ejus,
255 1813 288 1839 ab
303 1813 336 1840 iis
348 1821 409 1848 quae
421 1811 610 1841 Tillemontius
626 1814 717 1841 retulit
735 1814 813 1849 longe
835 1815 952 1848 diversa,

169 1859 210 1886 sic
229 1859 346 1886 habent:
369 1859 449 1885 Ἀλλὰ
463 1859 490 1885 τί
506 1859 630 1893 λέγουσιν
650 1861 674 1887 οἱ
699 1862 786 1888 πάντα
810 1861 891 1889 δεινοὶ
905 1862 954 1898 τὴν

169 1905 283 1937 κακίαν;
302 1905 452 1941 Αἰρετικὸς.
466 1906 557 1941 φησὶν,
570 1907 671 1938 ἐκεῖνος
686 1907 840 1943 γεγένηται,
852 1908 954 1935 ἕνοικον

169 1951 216 1978 τὸν
229 1951 350 1977 διάῧολον
363 1950 441 1985 ἔχων,
456 1952 501 1977 καὶ
515 1951 601 1978 λαλῶν
614 1953 684 1981 κατὰ
692 1952 740 1979 τοῦ
756 1953 823 1979 Θεοῦ
835 1954 954 1987 ἀδικίαν,

171 1997 218 2023 καὶ
231 1996 345 2028 πολλοὺς
359 1996 403 2023 διὰ
420 1996 610 2031 πιθανολογιας
632 1998 680 2024 καὶ
694 1998 776 2033 κενῆς
794 1999 902 2035 ἀπάτης
916 2001 955 2032 εις

173 2042 252 2078 βυθὸν
263 2042 398 2074 ἀπωλείας
413 2043 540 2077 ἀπάγων·
557 2044 605 2070 καὶ
619 2043 662 2070 διὰ
676 2044 755 2070 τοῦτο
769 2044 820 2071 ὑπὸ
836 2046 890 2073 τῶν
903 2054 956 2072 πα-

171 2087 259 2123 τέρων
273 2087 447 2123 ὲκϐέῦληται,
461 2088 579 2123 μάλιστα.
589 2089 603 2116 ὁ
622 2089 716 2116 τούτου
729 2090 887 2124 διδάσκαλος
898 2092 956 2128 μοῖ-

175 2140 223 2167 ραν
253 2132 302 2167 τῆς
333 2132 495 2168 Ἐκκλησιας
518 2133 680 2168 ἀποτεμὼν,
708 2134 724 2169 ἢ
747 2135 790 2162 διὰ
807 2136 956 2163 Παυλιανὸν

174 2178 249 2213 (lege
260 2177 408 2212 Παυλῖνον)
423 2177 439 2213 ἢ
460 2178 661 2214 Ἀπολλινάριον
675 2179 809 2214 λέγοντες.
825 2181 846 2208 l.
861 2189 885 2208 ε.
899 2181 951 2209 Sed

173 2223 237 2258 quid
249 2223 340 2249 dicunt
359 2222 399 2249 illi
413 2223 448 2249 ad
472 2231 574 2250 omnem
592 2223 724 2251 malitiam
743 2225 854 2253 audaces
869 2227 881 2253 1'
895 2229 957 2254 Ηίε-

174 2269 282 2300 reticus,
302 2270 388 2301 aiunt,
411 2269 457 2296 ille
474 2269 562 2304 factus
588 2274 637 2302 est,
664 2271 857 2298 inhabitanlem
881 2272 957 2299 liabet

174 2315 321 2349 diabolum,
338 2321 362 2342 et
376 2315 494 2350 loquitur
508 2321 600 2343 contra
617 2317 698 2343 Deum
715 2318 869 2353 nequitiam,
889 2319 958 2346 mul-

177 2365 267 2395 tosque
280 2361 390 2387 suadela
405 2369 522 2395 vanaque
534 2361 645 2395 fallacia
662 2363 689 2388 in
704 2364 864 2398 profundum
884 2364 959 2391 erritii

176 2406 304 2433 abducit:
327 2407 465 2442 ideoquea
495 2407 623 2434 Patribus
643 2409 740 2442 ejectns
766 2413 815 2440 est,
845 2411 959 2437 maxime

175 2451 255 2484 hujus
273 2452 408 2486 magister,
432 2453 476 2487 qui
490 2457 592 2486 partem
611 2451 738 2480 Ecclesia:
761 2453 897 2481 abscidit:
921 2456 959 2481 sic

175 2501 222 2522 aut
249 2496 392 2523 Paulinum
420 2503 466 2524 aut
490 2497 681 2532 Apollinarium
701 2498 849 2534 designant.
883 2499 956 2530 Haec,

177 2547 207 2568 ut
239 2542 326 2576 primo
354 2543 444 2569 statim
464 2547 574 2577 aspectu
590 2550 649 2571 sese
668 2543 794 2578 olIcrttnt,
814 2544 958 2572 Paulinum

177 2587 311 2614 viventem
326 2587 522 2622 docentemque
537 2587 669 2619 indicant,
692 2588 790 2614 nedum
819 2593 956 2615 mortuum

177 2636 330 2667 sttpponant
345 2641 352 2660 :
368 2640 431 2659 nam
448 2633 493 2659 ille
508 2633 553 2667 qui
566 2633 687 2668 loquitur
701 2639 793 2661 contra
814 2633 898 2661 Deum
913 2642 960 2661 ne-

177 2679 291 2712 quitiam
320 2683 347 2705 et
373 2678 474 2706 multos
493 2678 612 2711 abducit,
625 2683 677 2711 est,
703 2683 734 2706 ut
755 2679 870 2712 videtur,
888 2679 961 2706 Pau-

177 2726 269 2758 linus;
303 2725 480 2760 nequeenim
506 2725 564 2752 haec
591 2725 618 2752 in
635 2725 717 2752 aliutn
742 2724 858 2753 conferri
879 2733 959 2760 posse

176 2776 315 2806 putamus.
330 2770 396 2807 Ejus
413 2778 480 2799 vero
499 2771 637 2807 magister,
656 2772 702 2807 qui
725 2780 740 2799 ει
756 2771 880 2799 Patribus
901 2771 956 2807 eje-

700 156 741 183 lll‘l
759 157 1005 186 ANATllEllATl-‘n
1023 174 1056 178 —
1073 158 1238 188 MONl'l‘L'M.

1717 159 1769 188 9H

1000 223 1060 244 ctus
1090 222 1162 252 erat,
1180 223 1222 244 est
1251 217 1435 251 Apollinarius
1463 216 1583 244 secundo
1603 222 1779 251 memoratus,

996 264 1054 298 qui,
1073 268 1215 298 postquam
1243 263 1269 290 in
1297 263 1401 298 synodo
1428 263 1461 290 ad
1490 263 1709 290 Communionem
1729 264 1780 290 ad-

996 309 1099 336 missus
1120 308 1229 341 fuerat,
1254 309 1442 336 subscribente
1461 309 1592 341 Paulino,
1619 308 1716 336 deinde
1744 308 1779 335 ab

998 354 1148 382 Athanasio
1176 355 1291 389 aliisque
1318 354 1464 388 Patribus,
1484 362 1545 381 eum
1565 354 1624 389 ejus
1655 354 1778 381 Itaaresim

998 401 1203 435 comperissent,
1222 400 1322 435 ejectus
1341 399 1400 427 fuit.
1416 400 1488 427 Sane
1515 399 1573 427 haec
1597 399 1779 426 multitudinis

999 446 1071 473 dicta
1086 446 1156 474 duos
1169 450 1274 473 tatttum
1289 446 1422 481 impetunt
1436 445 1519 476 viros.
1536 452 1632 480 ttempe
1650 449 1679 471 ttt
1694 445 1780 479 explio

998 496 1043 519 cat
1054 491 1279 527 Cltrysostomus,
1296 491 1438 518 Paulinum
1449 495 1476 518 et
1491 491 1697 524 Apollinarium.
1711 490 1778 517 Nam

998 538 1021 565 si
1039 542 1101 572 post
1117 537 1274 564 defunctum
1295 536 1437 564 Paulinum
1456 544 1469 562 τι
1495 537 1669 570 popularibus
1698 537 1779 564 verba

1000 584 1156 618 ltujusmodi
1170 584 1274 618 prolata
1291 588 1392 616 essent,
1416 583 1560 616 Evagrium
1587 583 1646 617 ejus
1671 590 1779 610 succes-

999 636 1087 655 sorem
1103 629 1173 656 haud
1196 630 1276 656 dubie
1302 631 1473 664 impeterent,
1493 629 1570 662 cujus
1590 633 1680 655 tamen
1705 628 1779 655 nulla

999 673 1044 713 ljic
1063 674 1175 701 mentio.
1200 673 1296 701 Notam
1322 675 1404 710 igitur
1430 673 1570 708 temporis,
1597 681 1678 707 qttatn
1702 673 1780 700 initio

1000 719 1215 754 Cltrysostomus
1237 720 1310 747 clare
1332 720 1434 754 posuit,
1459 719 1511 746 boc
1538 719 1598 746 loco
1625 719 1779 746 nullatenus

1001 763 1160 791 labefactari
1182 765 1268 799 palam
1287 769 1336 791 est.
1365 764 1454 796 Quare
1475 764 1501 790 in
1520 763 1562 792 iis.
1579 771 1640 798 quze
1662 763 1695 790 de
1711 768 1780 790 letn-

1001 817 1067 844 pore
1086 810 1170 845 ltujus
1187 810 1305 837 ltomilize
1325 817 1407 844 supra
1431 809 1561 841 diximus,
1583 810 1694 835 omnino
1709 814 1781 835 stan-

1001 855 1066 882 dum
1088 860 1224 890 putamus.
1239 855 1372 882 Caeterum
1400 855 1477 882 locus
1492 855 1545 886 illc,
1565 862 1643 888 quem
1668 854 1779 889 jatnjatn

1002 901 1155 932 retulimus,
1167 905 1259 935 utpote
1276 900 1321 934 qui
1334 899 1479 926 inconditae
1493 899 1666 934 profanaeque
1688 901 1779 926 multi-

1002 946 1104 973 tudinis
1124 946 1277 973 convicium
1300 950 1404 972 tantutn
1423 944 1531 976 referat,
1559 952 1612 971 nott
1626 949 1666 971 est
1693 945 1730 972 ita
1747 947 1780 972 a.l

1001 991 1122 1018 litteram
1147 991 1332 1026 accipicndtts,
1347 996 1375 1017 ttt
1398 990 1565 1025 singulorum
1583 990 1716 1017 dictorum
1739 999 1782 1018 ra-

1001 1038 1103 1064 tionem
1121 1044 1240 1071 quaerere
1260 1044 1328 1070 opus
1348 1037 1393 1063 sit.

1037 1083 1172 1115 llalesius,
1186 1087 1216 1110 ut
1231 1084 1256 1109 itt
1270 1083 1415 1110 Savilianis
1427 1081 1504 1108 Notis
1518 1081 1587 1109 infra
1599 1081 1690 1109 videre
1707 1082 1780 1115 lict‘t,

1001 1129 1157 1163 suspicatur
1171 1129 1242 1155 hanc
1256 1128 1408 1158 ltomiliam.
1421 1133 1514 1162 utpote
1526 1128 1595 1163 stylo
1607 1128 1778 1159 dissimilem,

1001 1175 1044 1201 vel
1060 1175 1246 1210 Cbrysoslomi
1261 1182 1316 1201 tton
1330 1182 1401 1208 esse,
1416 1174 1459 1201 vcl
1479 1174 1500 1201 si
1525 1174 1710 1209 Chrysostomi
1732 1175 1779 1204 sit,

1002 1221 1036 1247 ab
1057 1221 1110 1248 alio
1127 1225 1220 1255 postea
1244 1225 1417 1248 retractatatn
1434 1220 1476 1247 vel
1502 1224 1607 1246 auctam
1635 1219 1736 1246 fuisse:
1756 1220 1782 1246 id

1003 1271 1093 1294 autetn
1112 1267 1176 1293 hinc
1194 1266 1349 1293 confirmari
1364 1270 1449 1301 putat,
1481 1266 1552 1300 quod
1569 1265 1643 1292 Juris
1669 1264 1777 1291 Graecos

1003 1309 1119 1337 Romani
1141 1310 1244 1345 partel
1269 1310 1426 1338 PbLlotbeus
1452 1310 1603 1345 patriarcha
1630 1317 1663 1336 ex
1695 1309 1784 1336 Theo-

1002 1356 1070 1384 doro
1096 1356 1258 1384 Balsamone
1280 1365 1361 1384 unam
1379 1357 1526 1384 alteramve
1557 1356 1674 1383 ltomilia:
1700 1355 1781 1390 hujus

1003 1403 1162 1437 particulam
1189 1402 1308 1430 referat:
1335 1403 1380 1429 ubi
1409 1402 1566 1430 continttata
1603 1402 1672 1429 serie
1699 1403 1782 1429 multa

1004 1448 1148 1480 habentur,
1165 1455 1226 1482 qua?
1243 1448 1362 1475 auctiora
1380 1447 1557 1482 pluribusque
1576 1446 1675 1473 referta
1694 1446 1784 1474 verbis

1002 1492 1130 1527 leguntur
1143 1493 1169 1519 itt
1183 1492 1232 1520 ltac
1246 1492 1375 1522 ltontitia;
1394 1492 1465 1519 unde
1479 1491 1604 1527 opinatur
1615 1491 1658 1518 ille
1669 1491 1784 1526 plurima

1003 1538 1029 1565 in
1048 1539 1118 1566 hanc
1136 1539 1276 1566 ltomiliam
1291 1538 1442 1573 irrepsisse,
1465 1546 1525 1573 quae
1546 1545 1600 1564 non
1620 1538 1675 1564 sint
1696 1537 1784 1572 Chry-

1003 1581 1126 1608 sostomi.
1146 1581 1221 1614 Quod
1238 1582 1270 1608 ad
1284 1582 1346 1617 styli
1362 1581 1546 1608 diversitatem
1560 1581 1686 1616 pertinet,
1701 1581 1786 1608 fateor

1002 1630 1029 1653 et
1044 1635 1093 1661 ego
1112 1627 1215 1662 aliquot
1236 1635 1296 1654 esse
1310 1628 1380 1659 loca,
1395 1634 1455 1662 qua:
1470 1626 1657 1661 Cbrysostonti
1679 1626 1785 1653 dicendi

1003 1680 1090 1706 genus
1107 1680 1159 1699 non
1179 1673 1319 1700 referant:
1340 1673 1419 1707 idque
1437 1673 1487 1699 ltac
1500 1672 1616 1699 maxime
1643 1672 1676 1699 de
1703 1679 1786 1699 causa

1003 1719 1139 1746 accidisse
1154 1719 1283 1750 arbitror,
1300 1719 1363 1753 quia
1379 1725 1475 1752 nempe
1493 1718 1637 1753 populares
1652 1725 1715 1745 suos
1731 1718 1787 1752 ple-

1004 1772 1119 1799 rumque
1145 1765 1355 1801 Chrysostomus
1384 1764 1487 1792 inducit
1512 1765 1636 1791 convicia
1666 1769 1693 1791 et
1721 1772 1788 1791 ana-

1005 1812 1123 1838 themata
1142 1811 1168 1838 in
1190 1811 1295 1838 Paulini
1320 1815 1468 1838 sectatores
1486 1811 1635 1845 jactantes;
1652 1810 1712 1838 ideo
1732 1817 1786 1837 non

1005 1862 1110 1884 tantum
1126 1858 1171 1884 ubi
1189 1858 1234 1884 illa
1259 1857 1351 1889 refert,
1369 1857 1415 1884 sed
1440 1857 1522 1884 etiam
1539 1857 1585 1884 ubi
1605 1856 1698 1883 eadem
1723 1863 1788 1890 pro-

1005 1904 1106 1937 pulsat,
1121 1904 1211 1939 aliqua
1238 1904 1430 1938 peregrinitate
1459 1904 1559 1938 stylum
1591 1911 1669 1930 suum
1691 1902 1785 1929 inﬁcit.

1005 1949 1045 1975 Ad
1061 1949 1118 1976 haec
1131 1957 1206 1980 vero.
1225 1953 1254 1976 ut
1269 1957 1322 1975 non
1341 1948 1424 1975 semel
1447 1948 1510 1974 alibi
1526 1947 1713 1980 observamus,
1732 1954 1787 1973 non

1005 2001 1092 2028 pauca
1109 1999 1172 2022 suttt
1184 1993 1374 2029 Cltrysostomi
1396 1992 1536 2027 opuscula,
1553 1992 1612 2019 sine
1626 1992 1708 2019 dubio
1722 1992 1788 2027 γνή-

1007 2048 1062 2073 σια,
1081 2040 1126 2067 ubi
1143 2047 1158 2066 a
1169 2040 1249 2067 solito
1260 2039 1330 2074 stylo
1344 2043 1370 2065 et
1385 2038 1478 2065 orandi
1501 2044 1599 2072 genere
1618 2044 1671 2063 non
1691 2045 1787 2072 parum

1005 2085 1132 2112 deﬂectit.
1153 2085 1220 2112 Cum
1240 2089 1330 2112 autem
1347 2083 1470 2110 Halesi‘us
1489 2082 1677 2117 interpolatam
1700 2082 1789 2109 homi-

1005 2131 1068 2157 liam
1084 2130 1145 2158 ideo
1157 2130 1322 2164 suspicatur,
1337 2129 1408 2164 quod
1422 2127 1577 2155 Philotlteus
1592 2128 1713 2162 quaedam
1728 2128 1788 2154 loca

1006 2175 1127 2204 referens
1148 2176 1231 2203 multa
1257 2176 1455 2210 prmtermittat,
1480 2173 1556 2210 [69l]
1578 2181 1638 2209 quae
1657 2174 1683 2200 itt
1701 2174 1790 2201 homi-

1007 2221 1043 2248 lia
1063 2222 1210 2256 leguntur,
1239 2221 1419 2256 incngitanter
1445 2227 1511 2247 sane
1536 2220 1676 2255 loquitur;
1705 2227 1737 2247 ac
1765 2219 1788 2246 si

1008 2267 1115 2301 ignoret
1146 2267 1219 2294 ltunc
1233 2274 1294 2294 esse
1317 2273 1421 2293 morem
1450 2265 1613 2300 scriptorum
1644 2265 1790 2299 cujuslibet

1008 2313 1105 2343 anatis.
1122 2318 1151 2339 ttt
1179 2313 1201 2340 si
1218 2320 1298 2347 quem
1320 2312 1433 2339 alterius
1448 2312 1537 2339 locum
1561 2315 1707 2345 ttsurpent,
1740 2318 1789 2346 pro

1011 2358 1096 2386 lubito
1113 2366 1145 2386 ea
1158 2358 1315 2385 exseribant
1329 2365 1389 2392 quae
1410 2357 1437 2383 itt
1462 2364 1517 2384 rem
1538 2364 1615 2384 suam
1636 2357 1790 2383 conducrrc

1009 2408 1112 2440 putent,
1142 2404 1195 2431 alia
1223 2411 1288 2431 vero
1309 2403 1442 2430 arbitratu
1484 2409 1535 2430 suo
1560 2401 1787 2436 praetermittam:

1010 2450 1082 2484 quod
1099 2449 1235 2477 sexcentis
1249 2456 1393 2484 possemus
1404 2448 1536 2481 exemplis
1547 2447 1719 2478 confirmare,
1738 2448 1790 2474 nisi

1009 2503 1054 2523 res
1074 2503 1121 2530 per
1138 2503 1167 2522 se
1181 2495 1325 2530 perSpicua
1345 2494 1531 2529 omnibusque
1547 2498 1611 2521 nota
1636 2498 1720 2520 esset.
1739 2493 1791 2520 lta-

1009 2548 1063 2575 que
1087 2540 1157 2567 ltanc
1184 2540 1322 2566 ltomiliam
1349 2544 1376 2567 et
1399 2539 1510 2574 dignam
1534 2539 1740 2574 Cbrysostomo,
1766 2545 1792 2566 et

1012 2586 1157 2621 genuinam
1171 2593 1231 2612 esse
1246 2590 1373 2620 putamus
1387 2594 1393 2611 :
1413 2592 1445 2611 ac
1460 2592 1521 2611 cum
1539 2585 1653 2612 eruditis
1664 2585 1792 2611 omnibus

1010 2633 1077 2659 viris
1097 2631 1197 2658 Halesii
1216 2630 1360 2666 scrupulos
1375 2629 1523 2661 ἀκινδύνως
1539 2629 1686 2663 rejicimus.

1046 2677 1299 2712 lnterpretationem
1317 2676 1412 2703 incerti
1432 2675 1574 2710 cujusdam
1595 2675 1657 2706 viri,
1686 2682 1746 2708 quae
1765 2675 1791 2701 in

1013 2723 1087 2759 prius
1113 2722 1201 2750 Editis
1224 2722 1379 2757 legebatur,
1395 2725 1488 2756 utpote
1509 2722 1604 2749 ‘minus
1627 2725 1792 2754 accuratam,

1012 2770 1168 2806 rcjccimus,
1189 2776 1342 2805 novamque
1357 2768 1523 2804 paravimus.
