2045 3116
199 165 252 193 945

983 1062 1036 1092 DE

537 1289 684 1347 NON

848 161 891 189 DE
909 159 1158 189 ANATHEMA'I'E.

1767 157 1819 186 956

748 1283 1488 1345 ANATHEMATIZANDIS

767 1542 873 1573 VlVlS
898 1542 976 1572 VEL
1002 1541 1216 1573 DEFUNCTIS
1235 1541 1254 1574 ¹.

235 2018 261 2043 ί.
281 2015 370 2049 Nuper
389 2011 466 2040 vobis
485 2010 519 2039 de
540 2007 818 2044 incomprehensibilis
838 2006 990 2041 cognitione

200 2062 245 2090 Dei
259 2062 404 2092 disserens,
418 2057 500 2085 multa
512 2056 594 2084 verba
608 2054 668 2086 feci,
681 2061 713 2080 ac
724 2057 778 2080 tum
791 2052 989 2087 Seripturarum

198 2109 328 2139 vocibus,
351 2111 408 2134 tum
431 2103 598 2132 naturalibus
627 2100 772 2128 ratiociniis
796 2098 987 2130 demonstravi,

198 2156 277 2182 etiam
291 2153 355 2188 ipsis
366 2150 543 2179 invisibilibus
552 2147 694 2175 virtutibus
706 2147 867 2173 inaccessam
878 2151 988 2179 prorsus

198 2208 258 2228 csse
271 2198 389 2227 numinis
409 2194 675 2231 comprehensionem
687 2213 694 2225 ,
718 2191 772 2219 illis
786 2191 905 2222 scilicet,
928 2197 988 2224 qua:

198 2246 317 2274 materia:
335 2247 471 2278 expertem
492 2245 520 2269 et
543 2240 647 2267 beatam
667 2238 749 2265 vitam
764 2240 845 2271 agunt
864 2241 988 2270 :nOSqne

199 2298 297 2324 tamen,
313 2290 356 2325 qui
372 2290 398 2316 in
421 2287 492 2315 omni
508 2285 619 2314 mollitie
637 2288 716 2318 atque
730 2281 833 2317 ignavia
849 2281 928 2308 vitam
940 2280 989 2308 de-

197 2339 283 2374 gimus
296 2357 303 2368 ,
324 2339 352 2363 et
370 2335 397 2362 in
419 2333 531 2369 quodvis
546 2330 671 2366 nequitiac
685 2335 768 2364 genus
787 2327 890 2355 ruimus
901 2337 918 2360 ,σ
931 2334 988 2354 rem

199 2382 376 2412 invisibilibus
390 2379 544 2408 substantiis
553 2378 657 2414 penitus
668 2377 783 2412 ignotam
796 2375 807 2391 ¹
821 2374 925 2409 assequi
940 2380 987 2401 co-

198 2429 255 2456 nari
271 2437 278 2456 :
293 2434 375 2455 unum
389 2429 470 2453 tantae
484 2425 522 2452 rei
545 2426 728 2459 argumentum
744 2421 873 2448 habentes
887 2419 988 2455 cogita-

198 2477 300 2504 tionum
314 2478 464 2501 nostrarum
474 2471 602 2506 judicium
613 2473 640 2496 et
653 2468 760 2496 inanem
771 2466 840 2502 apud
853 2466 988 2494 auditores

197 2521 328 2558 gloriam,
353 2525 439 2554 neque
460 2521 562 2545 naturae
586 2519 685 2542 nostrai
709 2519 860 2540 mensuram
884 2511 988 2539 ratione

197 2556 459 2597 circumscribcntes,
474 2568 561 2597 neque
573 2560 690 2588 divinam
705 2558 870 2593 Scripturam
882 2556 989 2584 Patres-

198 2621 250 2649 que
263 2615 405 2648 sequentes
419 2617 426 2642 ;
450 2608 498 2636 sed
511 2606 644 2642 opinionis
659 2608 757 2633 nostra:
771 2601 894 2639 phrenesi
907 2622 915 2636 ,
938 2609 988 2649 ceu

198 2647 318 2696 hyberno
333 2660 451 2685 torrente
464 2655 597 2683 detractos
608 2673 615 2686 ,
631 2652 657 2679 in
673 2655 773 2679 tantum
786 2654 925 2684 peccatum
938 2647 988 2696 de-

199 2693 287 2741 lapsos
300 2711 369 2732 esse.
384 2703 439 2737 Age
452 2708 523 2728 nunc
535 2704 675 2735 postquam
688 2697 722 2724 de
731 2696 899 2723 anathemate
910 2693 987 2721 vobis

230 2753 238 2768 ι
256 2750 343 2776 εοιιτιι³
354 2755 408 2775 cum
420 2745 662 2783 rs:vt.t.icen°.5?.9z..
690 2782 695 2783 ,

230 2784 240 2798 ε
249 2770 533 2836 ιξέξῇᾳῖἦὶκῦἓιώιῖξῧ
539 2770 697 2803 inmotum
712 2774 804 2808 penitus
815 2772 931 2805 ignotam,
940 2770 987 2797 de-

200 2817 245 2835 sun
277 2820 291 2836 n
320 2816 398 2835 alcau
417 2830 423 2836 .

1044 2012 1171 2042 quantum
1184 2009 1308 2036 convenit
1318 2009 1532 2043 disseruerimus,
1548 2011 1653 2047 vimque
1666 2013 1726 2040 mali
1741 2014 1829 2049 hujus,

1044 2054 1113 2090 quod
1129 2063 1177 2090 pro
1194 2055 1276 2084 nihilo
1291 2061 1439 2091 reputatur,
1463 2058 1669 2093 ostenderimus,
1690 2059 1751 2087 hinc
1765 2060 1830 2089 freni

1044 2101 1207 2136 impatientia
1235 2109 1282 2129 ora
1313 2102 1503 2136 cohibeamus,
1529 2104 1650 2131 morbum
1676 2105 1832 2141 detegentes

1044 2153 1154 2179 eorum,
1167 2147 1211 2182 qui
1227 2155 1257 2175 ea
1277 2148 1302 2174 in
1325 2155 1354 2175 re
1372 2148 1471 2176 incuria
1498 2150 1579 2177 nimia
1601 2150 1723 2178 laborant
1746 2152 1765 2178 '.
1782 2151 1831 2179 Et-

1042 2194 1114 2221 enim
1137 2193 1163 2222 in
1187 2199 1238 2222 tam
1254 2194 1420 2230 deploratum
1438 2200 1536 2223 statum
1551 2201 1642 2223 nostra
1656 2197 1830 2231 devenerunt,

1042 2243 1082 2273 ut,
1106 2240 1222 2275 pessime
1243 2239 1381 2275 habentes,
1406 2241 1557 2276 ignoremus
1576 2249 1625 2269 nos
1647 2250 1681 2270 ne
1700 2243 1833 2277 turpiores

1042 2285 1149 2320 quidem
1171 2286 1283 2313 all‘ectus
1303 2293 1447 2321 superare;
1464 2287 1498 2314 ita
1521 2291 1549 2314 ut
1563 2294 1614 2314 vox
1629 2287 1783 2323 prophetica
1804 2288 1831 2315 in

1041 2332 1119 2360 nobis
1139 2333 1300 2367 impleatur:
1318 2332 1379 2359 Non
1399 2337 1434 2359 eu
1453 2333 1521 2368 quod
1533 2333 1678 2367 imponatur
1691 2333 1832 2369 malagma,

1042 2387 1121 2413 neque
1135 2378 1218 2406 oleum
1231 2399 1239 2412 ,
1255 2386 1332 2414 neque
1353 2379 1473 2414 ligamina
1495 2378 1505 2415 (
1514 2378 1577 2406 Isai.
1592 2379 1617 2406 1.
1631 2379 1676 2414 6).
1692 2379 1832 2407 Undenam

1042 2424 1122 2459 igitur
1143 2424 1176 2452 de
1197 2424 1248 2452 hoc
1267 2425 1337 2452 malo
1361 2425 1464 2452 dicendi
1490 2425 1594 2453 iuitium
1617 2425 1734 2453 faciam?
1754 2426 1796 2454 An
1819 2435 1833 2453 a

1042 2469 1147 2497 Domini
1168 2469 1351 2498 mandatorum
1371 2471 1552 2498 sanctionibus
1564 2492 1572 2504 ,
1587 2479 1619 2498 an
1634 2471 1668 2499 ab
1686 2471 1790 2500 inscitia
1808 2477 1833 2499 ct

1042 2520 1151 2550 stupore
1175 2515 1288 2543 vestro?
1309 2515 1404 2542 Annon
1428 2516 1516 2543 ridear
1540 2520 1567 2543 et
1590 2516 1706 2544 insanire
1728 2517 1832 2550 videar,

1042 2562 1085 2596 qui
1102 2562 1137 2589 ita
1157 2561 1271 2597 loquar?
1291 2562 1386 2589 Annon
1407 2561 1567 2590 clamoribus
1584 2563 1702 2598 excipiar
1715 2564 1758 2598 qui
1776 2564 1833 2591 ha-c

1042 2608 1128 2635 tristia
1151 2611 1177 2635 et
1204 2608 1328 2643 lacrymis
1354 2607 1432 2643 digna
1458 2608 1642 2642 pertractanda
1666 2609 1833 2645 suscipiam?

1041 2652 1110 2686 Quid
1134 2652 1252 2680 faciam?
1275 2652 1377 2685 Doleo,
1401 2653 1490 2680 animo
1512 2653 1648 2686 dissecor,
1671 2660 1832 2689 rumpuntur

1041 2698 1155 2733 viscera,
1170 2698 1233 2726 dum
1249 2702 1349 2726 tantum
1363 2698 1440 2727 video
1453 2704 1598 2734 stuporem,
1618 2699 1679 2736 quia
1691 2699 1830 2728 Iudaicam

1041 2767 1235 2825 ni.‘mAst'ttiocheni
1246 2765 1380 2792 ueletiam;
1391 2766 1466 2799 partis
1472 2766 1601 2792 anathema
1619 2766 1734 2792 dicebant
1750 2766 1833 2793 Pauli-
