2045 3116
230 72 281 102 9ί9

231 137 262 165 τὸ
279 137 420 174 φορτικὸν,
437 139 559 176 τοσούτῳ
568 141 705 177 ἐχρήσατο
716 142 905 178 ὑποδείγματι·
920 143 950 170 6v
959 143 1023 180 τρό-

233 188 284 207 πον
302 181 316 207 6
330 180 453 217 περιθεὶς
470 182 561 220 ἑαυτῷ
578 183 725 217 ἁλουργίδα
746 183 900 220 βασιλικὴν,
916 185 1024 221 ἰδιώτης

232 223 375 257 τυγχάνων
385 243 392 255 ,
415 223 496 255 αὑτός
511 232 541 250 τε
563 225 613 251 καὶ
625 225 650 251 οἰ
665 225 739 260 αὐτῷ
752 228 972 262 συνεργήσαντες
985 228 1024 260 ὼς

232 263 359 299 τύραννοι
374 265 564 300 ἀναιροῦνται·
580 265 689 299 Οὕτως,
701 267 764 303 ἔφη,
779 269 803 295 οἰ
822 270 856 304 τῇ
876 270 1022 305 δεσποτικῇ

233 307 369 340 ἀποφάσει
383 307 562 342 χρησάμενοι,
580 307 627 334 καὶ
649 308 773 344 ἀνάθεμα
793 311 842 344 τῆς
861 311 1023 346 Ἑκκλησίας

233 348 396 383 ποιήσαντες
413 348 566 384 ἄνθρωπον,
580 350 621 381 εἰς
638 351 758 386 παντελῆ
769 351 881 388 ὄλεθρον
901 352 1023 387 ἀπάγου-

233 397 276 414 σιν
294 389 415 420 ἑαυτοὺς,
431 389 480 424 τὴν
490 389 568 423 ἀξίαν
581 390 628 417 τοῦ
640 391 704 418 Υἱοῦ
723 392 1023 429 ἀφαρπάζοντες.⁷Λρα

232 432 262 457 τὺ
275 431 356 466 τυχὸν
369 429 437 457 εἶναι
451 431 481 457 τὸ
492 431 612 459 τοιοῦτον
625 433 746 468 ἡγεῖσθε,
759 435 789 461 τὸ
805 435 857 471 πρὸ
869 435 965 472 καιροῦ
976 437 1023 463 καὶ

232 473 325 508 κριτοῦ
344 473 377 508 τῇ
394 473 506 509 τοιαύτῃ
527 474 664 509 ἀποφάσει
688 476 867 503 καταδικάσαι
887 477 964 509 τινάς
985 477 1023 504 Τὸ

231 515 286 549 γὰρ
297 514 421 550 ἀνάθεμα
434 515 573 547 παντελῶς
584 516 632 543 τοῦ
641 517 760 552 Χριστοῦ
770 518 929 546 ἀποκόπτει.
943 518 1023 546 Ἀλλά

230 556 258 582 τί
271 556 394 590 λέγουσιν
405 557 429 583 οί
444 557 533 584 πάντα
551 558 633 585 δεινοὶ
649 558 698 594 τὴν
713 560 812 586 κακίαν
822 569 828 593 ;
840 561 1020 597 ιμίρετικδς,

231 597 323 633 φησὶν,
337 599 440 630 ἐκεῖνος
456 599 612 634 γεγένηται,
627 599 731 627 ἑνοικον
746 601 792 628 τὸν
805 602 926 629 διάδολον
940 603 1020 638 ἔχων,

230 639 276 665 καὶ
292 639 380 666 λαλῶν
395 640 466 666 κατὰ
488 640 535 667 τοῦ
557 640 627 668 Θεοῦ
644 641 765 675 ἀδικίαν,
787 643 834 669 καὶ
849 643 963 676 πολλοὺς
978 644 1022 672 διὰ

230 680 420 715 πιθανολογίας
435 681 482 708 καὶ
494 682 575 717 κενῆς
593 681 669 719 [694]
681 683 788 720 ἀπάτης
809 685 849 716 είς
866 685 946 720 βυθὸν
968 686 1021 712 ἀπ-

227 721 328 754 ωλείας
339 723 464 757 ἀπάγων”
473 723 520 750 καὶ
532 723 577 750 διά
587 724 665 751 τοῦτο
678 725 729 751 ὑπδ
739 725 792 753 τῶν
802 726 931 763 Πατέρων
942 728 1021 754 ὲκὸέι

229 763 342 799 ὄληται,
367 765 484 800 μάλιστα
505 766 520 792 6
542 765 639 793 τούτου
664 767 826 801 διδάσκαλος
852 771 950 805 μοῖραν
971 769 1021 805 τῆς

234 806 398 843 Ἐκκλησίας
415 808 561 844 ἀποτεμὼν
571 829 578 842 ,
601 809 618 845 ἢ
633 809 678 836 διὰ
692 811 871 847 Παυλιανὺνῆ
891 804 1017 840 ’Ἄπολλι-

227 849 321 885 νάριον
337 849 474 884 λέγοντες.
491 851 559 886 Περὶ
579 852 634 887 γὰρ
653 852 701 887 τῆς
716 853 832 880 ὲκάστου
844 853 947 881 τούτων
962 854 1020 882 δια-

228 892 314 927 φορᾶς
335 893 349 919 6
363 892 441 927 λόγος
461 893 519 924 τοῖς
538 893 643 919 πλείοσι
668 894 758 926 καλῶς
771 893 820 929 τὴν
844 896 1019 930 καινοτομίαν

226 933 365 968 διέφυγεν,
377 934 523 970 διελέγχων
538 935 589 971 τὴν
611 935 717 972 πλάνην
735 936 764 962 ὲν
787 937 845 968 τοῖς
861 939 958 972 μυχοῖς
969 938 1019 974 τῆς

227 975 382 1011 δεινοτάτης
415 975 578 1012 προλήψεως
604 977 798 1013 κρατηθεῖσαν.
831 978 960 1011 Δίδαξον
984 980 1020 1006 ὲν

227 1017 370 1051 πραότητι
385 1018 535 1045 παιδεύων
552 1018 624 1052 τοὺς
638 1019 940 1055 ἀντιδιατιθεμένους,
957 1021 1018 1056 μή·

225 1066 299 1086 ποτε
313 1058 354 1092 δῷ
372 1059 476 1093 αὐτοῖς
493 1061 510 1087 ὁ
526 1059 598 1093 Θεὸς
612 1060 776 1095 μετάνοιαν
794 1063 839 1095 εὶς
854 1062 1019 1097 ἐπίγνωσιν

225 1100 371 1135 ἀληθείας
381 1122 388 1132 .
409 1101 459 1128 καί
473 1101 674 1136 ἀνανήψωσιν
688 1103 722 1129 ἐκ
737 1102 791 1137 τῆς
806 1103 859 1131 τοῦ
875 1103 1018 1132 διαϐόλου

225 1142 362 1177 παγίδος,
376 1142 568 1178 ἐζωγρημένοι
584 1144 628 1176 είς
640 1143 759 1171 ἐκείνου
773 1143 898 1179 θέλημα.
911 1145 1018 1172 Ἔκτει-

225 1193 269 1211 νον
286 1185 336 1220 τὴν
359 1185 410 1219 τῆς
434 1185 544 1221 ἀγάπης
575 1186 714 1222 σαγήνην,
740 1186 783 1213 ἵνα
810 1187 848 1223 μὴ
872 1187 904 1214 τὸ
930 1187 1017 1223 χωλὸν

225 1227 369 1263 ἐκτραπῇ,
392 1227 453 1263 ίαθῇ
479 1227 508 1254 δὲ
522 1227 637 1263 μᾶλλον
655 1227 742 1261 δεῖξον
757 1228 855 1264 ὅτιπερ
867 1229 899 1256 ὲκ
915 1229 1016 1264 πολλῆς

224 1268 371 1301 διαθέσεως
387 1269 417 1296 τὺ
431 1269 530 1296 οἰκεῖον
545 1270 646 1303 ἀγαθὸν
661 1269 751 1305 βούλει
774 1270 885 1305 ποιῆσαι
909 1271 1014 1298 κοινόν

225 1309 338 1337 ἐπίϐαλε
357 1310 388 1336 τὸ
409 1310 495 1344 γλυκὺ
517 1310 665 1347 ἄγκιστρον
685 1311 734 1347 τῆς
758 1311 947 1347 συμπαθείας,
967 1312 1015 1339 καὶ

222 1350 311 1382 οὕτως
323 1352 473 1388 ἐρευνήσας
485 1353 520 1380 τὰ
540 1353 734 1389 κεκρυμμένα,
749 1353 906 1381 ἀνάσπασον
921 1355 953 1380 ὲκ
968 1354 1014 1381 τοῦ

224 1392 323 1428 βάθους
339 1394 388 1429 τῆς
402 1394 542 1427 ἀπωλείας
555 1395 601 1421 τὸν
615 1395 769 1422 καταδύντα
780 1395 810 1422 τὸ
826 1396 963 1432 φρόνημα.
977 1397 1015 1423 Τὸ

223 1436 351 1470 νομισθὲν
365 1436 447 1463 καλὸν
460 1434 530 1463 εἶναι
544 1437 578 1464 ὲκ
595 1436 758 1472 προλήψεως
772 1437 788 1472 ἢ
804 1437 926 1471 ἀγνοίας,
948 1437 1014 1465 παί-

221 1476 316 1503 δευσον
330 1478 369 1509 ὼς
384 1478 435 1513 τῆς
457 1478 637 1513 ἀποστολικῆς
657 1478 832 1514 παραδόσεως
855 1479 1013 1515 ἀλλότριον·

222 1518 274 1545 κᾶν
290 1519 339 1554 μὲν
357 1519 475 1556 βουληθῇ
489 1519 570 1546 τοῦτο
585 1519 714 1552 δέξασθαι
730 1521 744 1546 6
758 1519 807 1555 τὴν
826 1519 931 1556 πλάνην
948 1521 1015 1548 ὑπο-

221 1560 368 1596 δεξάμενος
378 1561 532 1597 ἄνθρωπος,
542 1561 614 1588 κατὰ
627 1561 677 1597 τὴν
688 1560 735 1588 τοῦ
755 1562 894 1597 προφήτου
908 1561 1012 1598 φωνὴν,

220 1602 324 1634 ἐκεῖνος
343 1602 400 1638 ζωῇ
417 1602 540 1638 ζήσεται,
553 1603 599 1630 καὶ
617 1603 649 1629 σὺ
666 1603 715 1638 τὴν
728 1603 816 1638 ψυχήν
831 1612 878 1630 σου
893 1603 974 1641 ῥύσῃ·
988 1605 1013 1631 εἰ

218 1643 249 1670 δὲ
266 1643 303 1679 μὴ
317 1643 451 1679 βούλεται,
462 1644 643 1680 ἀλλ’ὲμμένει
655 1645 826 1679 φιλονεικῶν,
842 1646 916 1677 ὅπως
925 1645 959 1672 ἂν
975 1645 1013 1682 μὴ

221 1685 372 1717 ὑπεύθυνος
387 1686 465 1721 γένῃ,
482 1685 669 1721 διαμαρτύρου
690 1687 771 1721 μόνον
787 1687 857 1721 μετά
874 1687 1013 1723 μακροθυ-

219 1726 286 1761 μίας
298 1727 345 1753 καὶ
360 1727 560 1763 χρηστότητος,
579 1727 623 1754 ἵνα
640 1727 677 1762 μὴ
696 1728 746 1763 τὴν
761 1727 850 1764 ψυχὴν
866 1728 949 1755 αὑτοῦ
964 1729 1012 1756 ὲκ-

220 1768 328 1805 ζητήσῃ
343 1769 375 1796 ὲκ
390 1769 481 1805 χειρός
495 1778 542 1796 σου
556 1770 571 1796 6
585 1769 692 1805 κριτής·
712 1769 749 1806 μὴ
769 1770 867 1805 μισῶν,
889 1770 928 1807 μὴ
942 1771 1012 1798 ἀπο-

220 1811 413 1846 στρεφόμενος,
422 1811 460 1846 μὴ
472 1810 588 1843 διώκων,
598 1810 665 1838 ἀλλά
673 1811 722 1847 τὴν
735 1812 845 1848 ἀγάπην
858 1813 1012 1846 ἐπιδεικνὺς

219 1853 351 1889 εἰλικρινῆ
366 1854 413 1880 καὶ
428 1853 514 1888 ἀληθῆ
533 1853 601 1889 πρὸς
614 1853 705 1881 αὐτόν.
730 1853 838 1890 Ταύτην
859 1855 990 1890 κέρδανον
1001 1876 1009 1890 ,

219 1894 272 1921 κᾶν
287 1894 369 1930 μηδὲν
392 1895 485 1929 ἕτερον
506 1894 628 1930 ὠφελῇς,
655 1894 725 1931 αῦτη
747 1895 851 1931 μεγάλη
876 1896 1009 1931 ὠφέλεια,

217 1936 298 1964 τοῦτο
316 1937 386 1972 μέγα
399 1937 504 1972 κέρδος,
521 1937 552 1963 τὸ
561 1937 704 1972 ἀγαπῆσαι
721 1937 768 1964 καὶ
781 1937 884 1971 διδάξαι
896 1937 946 1973 τὴν
961 1939 1008 1966 τοῦ

217 1978 336 2014 Χριστοῦ
348 1978 506 2014 μαθητείαν.
522 1978 549 2004 Ἐ
551 1987 569 2005 ν
579 1979 673 2012 τούτῳ
682 1979 747 2013 γὰρ,
757 1979 832 2014 φησὶ,
842 1978 1010 2014 γνώσονται

216 2020 261 2047 ὅτ.
276 2020 339 2054 ἐμοὶ
349 2019 480 2054 μαθηταί
495 2020 566 2047 ἐστε
576 2040 583 2053 ,
599 2019 654 2047 ἐὰν
667 2020 790 2055 ἀγάπην
803 2022 893 2056 ἔχητε
909 2022 944 2048 ὲν
955 2021 1010 2049 ἁλ-

216 2061 339 2095 ⁸ζήλοις·
355 2059 389 2097 ἧς
413 2061 450 2097 μὴ
467 2062 623 2096 παρούσης,
647 2061 709 2094 οὒτε
726 2061 827 2096 γνῶσιν
850 2063 1008 2098 μυστηρίων

215 2103 295 2136 Θεοῦ,
311 2103 341 2129 ού
355 2103 496 2134 πίστιν,οὐ
515 2103 698 2138 προφητείαν,
723 2104 774 2130 οὐκ
795 2104 1006 2141 ἀκτημοσύνην,

215 2145 246 2171 οὐ
282 2145 333 2180 τὴν
361 2144 433 2179 ὑπὲρ
466 2144 584 2179 Χριστοῦ
614 2145 766 2180 μαρτυρίαν
800 2145 914 2180 ὠφελεῖν
955 2148 1007 2174 ὰπ-

215 2186 345 2218 έδειξενὸ
371 2185 544 2216 Ἀπόστολος.
573 2185 643 2213 Ἐὰν
667 2185 731 2221 γὰρ,
759 2187 855 2220 φησὶν,
885 2187 945 2221 ἔχω
970 2189 1007 2215 τὰ

211 2227 366 2263 μυστήρια
394 2227 512 2259 πάντα,
530 2227 578 2254 καὶ
605 2226 708 2254 πᾶσαν
735 2227 793 2262 τὴν
816 2228 930 2263 γνῶσιν
954 2231 1005 2257 καί

214 2269 329 2301 πίστιν,
350 2268 428 2295 ὥστε
451 2269 505 2302 ὄρη
525 2268 729 2303 μεθιστάνειν,
752 2269 876 2304 ἀγάπην
899 2269 935 2296 δὲ
960 2271 1004 2306 μὴ

214 2310 292 2344 ἔχω,
325 2310 418 2338 οὐδὲν
443 2310 632 2345 ὠφελοῦμαι·
661 2311 711 2337 καί
743 2311 798 2338 ἐὰν
820 2311 885 2344 ταῖς
911 2312 1006 2347 γλώσ-

214 2360 284 2385 σαις
299 2351 358 2378 τῶν
373 2352 509 2387 ἀγγέλων
524 2352 621 2385 λαλῶ,
647 2352 696 2379 καί
717 2352 772 2379 ἐὰν
793 2353 921 2388 ψωμίσω
943 2363 1005 2389 μου

214 2393 313 2419 πάντα
325 2393 363 2420 τὰ
379 2394 553 2428 ὑπάρχοντα
563 2413 570 2425 ,
595 2394 645 2421 καὶ
658 2394 713 2421 ἐὰν
727 2394 850 2428 παραδῶ
868 2395 902 2422 τὸ
917 2396 1003 2431 σῶμά

211 2443 272 2469 μου
293 2435 343 2461 ἵνα
357 2436 550 2470 καυθήσωμαι
562 2455 570 2467 ,
585 2436 706 2471 ἀγάπην
718 2436 753 2463 δὲ
766 2437 807 2471 μὴ
826 2438 895 2472 ἔχω,
912 2439 1004 2466 οὐδέν

213 2477 281 2510 εἰμι.
302 2477 337 2504 Ἡ
359 2476 458 2511 ἀγάπη
478 2478 688 2512 χρηστεύεται,
706 2479 743 2505 οὐ
766 2479 941 2512 φυσιοῦται,
965 2481 1002 2508 οὐ

213 2518 292 2552 ζητεῖ
302 2519 339 2545 τὰ
354 2518 474 2553 ἑαυτῆς.
489 2519 588 2546 πάντα
604 2519 714 2555 στέγει,
732 2520 830 2549 πάντα
845 2523 980 2549 πιστεύει
991 2543 1000 2556 ,

212 2562 310 2588 πάντα
323 2560 444 2593 ὲλπίᾷι,
463 2560 561 2588 πάντα
573 2562 726 2596 ὑπομένει.

246 2604 276 2631 δ’.
294 2603 386 2634 οὐδεὶς
401 2602 431 2635 ὲξ
446 2603 534 2638 ὑμῶν,
548 2604 696 2639 ἀγαπητοὶ,
713 2604 840 2640 τοιαύτην
853 2606 917 2642 περὶ
932 2607 1000 2642 Χρι-

212 2646 419 2673 στδνδδιάθεσιν
427 2645 585 2677 ἐνεδείξατο,
595 2645 653 2672 οἵαν
664 2646 680 2681 ἡ
690 2647 755 2680 ἁγία
768 2647 857 2683 ἐκείνη
869 2648 950 2685 ψυχή.
959 2649 1001 2676 οὐ,

242 2721 256 2735 ι
274 2720 301 2745 In
319 2721 385 2745 hunc
403 2721 484 2755 ιοεᾳιη
505 2721 635 2755 vid_e_qua3
655 2722 762 2755 digimug
789 2724 812 2747 in
827 2723 925 2749 Manilo.
938 2725 998 2755 Quae

211 2757 357 2786 sequuntur,
367 2752 420 2786 περί
430 2751 474 2783 γὰρ
484 2754 526 2781 τῆς
535 2751 638 2776 ἑκάστου
648 2752 738 2778 τούτων
751 2754 870 2786 διαφορᾶς,
884 2751 996 2786 υῢεοῖιη,

214 2787 241 2808 cl.
251 2784 312 2809 forte
322 2785 433 2812 corrupta
443 2785 508 2806 sunt.

245 2815 257 2832 ι)
267 2814 276 2836 \
285 2816 340 2840 alit.
348 2812 407 2844 ὑπὲρ
417 2812 530 2845 Χριστοῦ.

578 80 606 108 S.
625 80 768 110 JO\NNIS
786 82 946 113 CHRYSOS
954 83 1029 111 ΓΟΜΙ
1050 84 1212 115 ΑιισηιΕΡ.
1233 88 1509 119 CONSTANTINOP.

1813 99 1874 132 950

1075 146 1289 194 6schérdlgncsv
1299 151 1450 187 ἀνθρώπων
1459 152 1529 189 πλὴν
1541 153 1645 182 ἐκείνου
1656 155 1769 184 τοιαῦτα
1784 158 1874 194 φθέγ-

1076 191 1172 237 ξασθαι
1184 193 1305 229 ῥήματα.
1322 193 1412 231 Αὐτὴν
1422 196 1471 232 τὴν
1480 197 1568 234 ψυχὴν
1581 201 1755 235 περιεκαίετο
1768 191 1870 237 λέγωξ,

1081 235 1108 262 Ἀ
1114 237 1316 271 ντοναπληρῶ
1325 238 1361 265 τὰ
1371 240 1563 276 ὑστερήματα
1570 248 1581 261 ε
1594 242 1654 269 τῶν
1666 245 1799 279 θλίψεων
1804 235 1871 274 -τοῧ

1073 279 1245 325 Χριστοῦέν
1256 283 1347 316 σαρκί
1356 290 1427 316 μου⁹
1440 285 1488 310 καί
1497 285 1692 321 τὺ,Ηύχόμην
1710 289 1802 323 αὐτὸς
1809 289 1872 325 ἐγὼ

1073 322 1207 358 ἀνάθεμα
1216 322 1292 351 εἶναι
1305 325 1365 352 ἀπὸ
1372 326 1427 354 τοῦ
1434 328 1564 362 Χριστοῦ
1572 330 1649 365 ὑπὲρ
1658 330 1718 358 τῶν
1727 322 1872 368 ἀδελφῶν

1071 368 1205 401 μουνκαὶ,
1218 369 1265 402 Τίς
1278 369 1410 402 ἀσθενεῖ,
1419 371 1470 398 καί
1482 373 1537 399 οὐκ
1552 373 1688 407 deﬁeri);
1705 376 1760 403 Καὶ
1769 378 1871 404 τοσαύ-

1073 419 1123 446 την
1143 411 1213 447 ἕχων
1231 414 1296 448 περὶ
1317 414 1435 450 Χριστὸν
1455 415 1593 451 διάθεσιν,
1611 418 1660 454 οὐχ
1680 419 1790 456 ῦὸρεις,
1814 422 1868 449 οὐκ

1073 455 1205 490 ἀνάγκας,
1223 458 1273 484 οὐκ
1284 458 1444 495 ἀναθέματα
1467 461 1601 497 ἐπέφερεν
1619 463 1717 490 οὐδενί⁵
1734 463 1818 502 ἧγάρ
1832 467 1868 494 ἂν

1072 499 1103 525 οὑ
1119 500 1239 528 τοσαῦτα
1256 501 1319 537 ἔθνη
1337 504 1385 530 καὶ
1408 504 1500 536 πόλεις
1521 505 1686 542 ὁλοκλήρους
1708 499 1868 546 προσέτρερε

1073 543 1112 579 τῷ
1127 544 1196 580 Θεῷ-
1216 545 1283 573 ἀλλά
1301 548 1527 583 ταπεινούμενος,
1543 551 1711 586 τυπτόμενος
1721 543 1736 584 ,⁷
1752 543 1868 588 κολαιρι-

1073 587 1195 633 ζόμενος,
1205 590 1291 623 γέλως
1306 591 1381 626 παρὰ
1395 592 1461 619 πᾶσι
1476 593 1725 629 γενόμενος,ταῦτα
1733 587 1865 633 ἔπραττε,

1072 632 1237 667 κολακεύων,
1254 636 1430 671 παρακαλῶν,
1444 636 1583 673 δεόμενος.

1108 695 1202 729 Οὕτως
1212 696 1260 725 οὖν
1275 698 1321 725 καὶ
1338 699 1407 735 πρὸς
1423 700 1582 736 Ἀθηναίους
1602 702 1651 739 τὴν
1670 703 1770 731 εἴσοδον
1786 704 1864 742 [695]

1072 741 1264 775 ποιησάμενος,
1279 742 1325 769 καὶ
1342 743 1446 776 πάντας
1467 745 1621 781 μεμηνότας
1638 747 1678 779 εἰς
1691 747 1740 783 τὴν
1757 741 1865 776 εἰδωλοξ

1070 783 1199 819 λατρείαν
1211 784 1309 820 εὑρὼν,
1326 786 1376 813 οὐκ
1388 786 1512 815 ὠνείδισε
1530 789 1642 822 τούτους
1656 791 1755 823 εἰπὼν,
1769 793 1863 820 ’Δθεοί

1071 827 1133 853 ὲστε
1152 828 1231 862 ὑμεῖς
1246 829 1293 855 καὶ
1314 830 1422 863 ἀσεϐεῖς
1436 832 1592 865 παντελῶς·
1612 835 1663 861 οὐκ
1682 832 1753 867 εἷπε,
1768 836 1863 864 Πάντα

1071 871 1131 898 θεὸν
1153 873 1263 907 ἡγεῖσθε
1287 873 1380 909 ὑμεῖς,
1405 875 1452 902 τὸν
1470 875 1536 903 Θεὸν
1567 877 1648 913 μόνον
1668 879 1793 915 ἀρνεῖσοε
1814 880 1862 908 τὸν

1070 915 1209 952 Δεσπότην
1222 918 1269 944 καὶ
1280 918 1446 954 δημιουργὸν
1457 920 1504 947 τοῦ
1520 922 1631 954 παντός·
1643 923 1710 950 ἀλλά
1723 924 1749 950 τί
1760 933 1767 956 ;
1780 926 1863 960 Περιο

1069 959 1240 994 ερχόμενος,
1268 963 1348 997 φησὶ,
1374 963 1422 990 καί
1438 964 1615 1000 ἀναθεωρῶν
1630 966 1667 993 τὰ
1685 959 1862 1003 σεϐάσματα

1070 1004 1162 1040 ὑμῶν,
1173 1004 1264 1040 εὗρον
1273 1007 1321 1034 καί
1333 1008 1439 1043 ,βωμὸν
1450 1009 1485 1036 ἐν
1492 1006 1517 1043 ᾧ
1530 1010 1744 1046 ἐπεγέγραπτο,
1752 1013 1862 1049 Ἀγνώ-

1069 1057 1132 1083 στῳ
1151 1050 1221 1083 Θεῷ.
1237 1051 1288 1078 ’ον
1302 1050 1360 1080 οὖν
1375 1053 1557 1089 ἀγνοοῦντες
1572 1056 1732 1089 εὐσεϐεῖτε,
1753 1058 1862 1085 τοῦτον

1068 1093 1128 1128 ἐγὼ
1148 1095 1342 1130 καταγγέλλω
1366 1097 1448 1132 ὑμῖν.
1471 1099 1503 1125 Ὢ
1525 1099 1573 1126 τοῦ
1593 1090 1746 1136 θιίύματος,
1762 1102 1785 1129 ὣ
1805 1103 1861 1129 τῶν

1068 1138 1208 1173 πατρικῶν
1218 1139 1389 1176 σπλάγχνωνί
1399 1142 1527 1170 Εὑσεϐεῖν
1536 1141 1612 1171 εἶπεν
1620 1145 1762 1180 Ἕλληνας,
1772 1147 1862 1175 καίτοι

1067 1182 1275 1219 εἰδωλολάτρας.
1292 1184 1382 1211 καίτοι
1404 1186 1581 1220 ἀσεσοῦντας.
1599 1188 1648 1216 Διά
1668 1189 1712 1222 τίς
1731 1189 1863 1227 Ἑπείπερ

1066 1226 1105 1258 ὡς
1121 1227 1243 1260 εὐσεϐεῖς
1264 1229 1409 1257 ἐπετέλουν
1427 1231 1477 1266 τὴν
1495 1231 1600 1259 οἰκείαν
1617 1232 1775 1269 θρησκείαν,
1792 1236 1863 1262 Θεὸν

1066 1270 1223 1306 νομίζοντες
1237 1271 1326 1299 σέϐειν
1337 1293 1344 1306 ,
1363 1273 1441 1300 τοῦτο
1455 1274 1600 1306 πείσαντες
1621 1276 1745 1309 ἑαυτούς.
1757 1278 1861 1306 Τούτου

1067 1313 1190 1349 μιμητὰς
1201 1315 1273 1350 ὑμᾶς
1284 1315 1408 1350 γίνεσθαι
1419 1317 1524 1350 πάντας
1537 1319 1701 1355 παρακαλῶ,
1712 1321 1760 1348 καὶ
1774 1322 1862 1358 ἐμαυ-

1065 1357 1112 1385 τὸν
1128 1358 1177 1385 σὺν
1193 1359 1267 1394 ὑμῖν.
1281 1359 1375 1396 Είγὰρ
1386 1361 1399 1387 6
1410 1361 1608 1396 προγινώσκων
1620 1363 1722 1399 Κύριος
1736 1365 1785 1401 τὴν
1797 1365 1861 1392 ἐκάη

1067 1410 1130 1429 στου
1148 1403 1320 1440 προαίρεσιν,
1336 1406 1384 1432 καὶ
1400 1406 1478 1439 εἰδὼς
1495 1408 1587 1440 ὁποῖός
1603 1417 1645 1441 τις
1658 1408 1771 1442 ἕκαστος
1782 1411 1862 1445 ἡμιῖν

1065 1448 1221 1482 γενήσεται,
1238 1448 1317 1476 τοῦτο
1336 1450 1489 1485 πεποίηκε,
1511 1451 1556 1479 διὰ
1578 1451 1609 1479 τὸ
1627 1453 1677 1485 τὰς
1695 1453 1799 1489 δωρεὰς
1814 1455 1862 1481 καὶ

1065 1491 1223 1528 φιλοτιμίας
1237 1493 1286 1525 τὰς
1300 1495 1365 1530 παρ’
1379 1494 1463 1522 αὑτοῦ
1479 1496 1633 1532 πληρῶσαι·
1649 1497 1680 1524 οὐ
1691 1498 1746 1534 γάρ
1757 1499 1803 1525 ἐπὶ
1813 1507 1862 1526 κα‹

1065 1535 1124 1567 κοῖς
1137 1535 1224 1569 κτίζει
1237 1536 1251 1562 6
1266 1536 1342 1569 Θεός·
1353 1539 1399 1565 καὶ
1409 1538 1479 1566 οὕτω
1491 1539 1545 1566 τῶν
1559 1541 1656 1567 κοινῶν
1668 1540 1781 1576 ἠξίωσεν
1792 1543 1860 1576 ἀγα-

1065 1578 1129 1612 θῶν,
1146 1580 1251 1612 πάντας
1272 1581 1397 1617 μιμητὰς
1418 1582 1501 1610 αὑτοῦ
1521 1582 1684 1620 βουλόμενος
1704 1582 1782 1617 εἶναι,
1801 1586 1862 1618 πῶς

1063 1621 1099 1649 τὰ
1109 1623 1219 1650 ἐναντία
1233 1626 1330 1657 ποιεῖς,
1342 1626 1389 1652 καὶ
1399 1626 1430 1653 ὲν
1447 1626 1581 1663 ἐκκλησίᾳ
1596 1628 1725 1664 συνέρχῃ,
1744 1628 1794 1665 τὴν
1810 1630 1861 1656 θυ-

1065 1667 1126 1694 σίαν
1137 1667 1184 1694 τοῦ
1198 1669 1263 1696 Υἰοῦ
1277 1669 1324 1696 τοῦ
1340 1670 1409 1697 Θεοῦ
1423 1671 1557 1704 ὲκτελῶν;
1573 1672 1631 1698 Οὐκ
1643 1672 1700 1699 ἴστε
1718 1673 1760 1699 ὅτι
1777 1673 1862 1701 κάλα-

1065 1717 1115 1745 μον
1131 1711 1364 1747 συντεθλασμένον
1385 1713 1435 1739 οὐκ
1456 1713 1614 1747 ἀπέκλασε,
1638 1715 1686 1741 καὶ
1706 1717 1857 1743 στυππεῖον

1063 1755 1263 1791 καπνιζόμενον
1277 1756 1327 1783 οὑκ
1337 1757 1448 1791 έσὸεσες
1472 1758 1520 1790 Τίς
1534 1758 1562 1785 δὲ
1578 1758 1674 1785 τούτου
1691 1760 1708 1795 ὴ
1725 1759 1858 1796 δύναμις;

1065 1800 1176 1832 Ἀκουε,
1187 1800 1229 1827 ὃτι
1242 1800 1289 1828 τὸν
1312 1801 1412 1828 Ἰούδαν
1426 1802 1473 1829 καὶ
1491 1803 1556 1834 τοὺς
1574 1804 1636 1830 κατ’
1651 1804 1733 1832 αὑτὸν
1754 1805 1857 1837 ἐξοκεί-

1062 1843 1162 1876 λαντας
1176 1845 1228 1871 οὐκ
1244 1845 1391 1878 ἀπέϐαλεν,
1411 1845 1491 1882 ἄχρις
1504 1844 1535 1874 οὗ
1548 1847 1645 1874 ἑαυτὸν
1657 1847 1774 1879 ἑλκύσας
1788 1849 1857 1876 ἕκα-

1062 1895 1124 1920 στος
1138 1889 1170 1924 τῇ
1193 1889 1281 1925 πλάνῃ
1299 1889 1468 1925 παρέδωκεν.
1490 1891 1547 1926 Οὐχ
1561 1891 1632 1927 ὑπὲρ
1653 1891 1708 1919 τῶν
1721 1891 1769 1919 τοῦ
1789 1893 1857 1920 λαοῦ

1062 1932 1243 1968 ἀγνοημάτων
1265 1933 1314 1965 τὰς
1331 1934 1472 1970 ἰκετηρίας
1491 1935 1700 1971 προσφέρομεν;
1715 1936 1764 1972 οὐχ
1782 1937 1858 1972 ὑπὲρ

1061 1976 1167 2013 ἐχθρῶν
1183 1977 1231 2005 καὶ
1245 1978 1399 2013 μισούντων
1418 1979 1465 2006 καὶ
1483 1979 1636 2007 διωκόντων
1651 1981 1856 2016 προσεύχεσθαι

1060 2021 1261 2057 ἔνετάλθημενς
1285 2021 1351 2049 ’ἰδοὺ
1373 2022 1422 2058 τὴν
1443 2022 1566 2050 δουλείαν
1592 2023 1766 2060 πληροῦμεν,
1797 2025 1856 2052 ἰδοὺ

1060 2065 1273 2101 παρακαλοῦμεν
1293 2066 1375 2101 ὑμᾶς’
1400 2067 1417 2102 ὴ
1437 2067 1588 2102 χειροτονία
1605 2068 1655 2094 οὐκ
1669 2068 1709 2100 εἰς
1728 2068 1857 2102 ἐξουσίαν

1059 2109 1211 2146 φέρει,οὑκ
1235 2110 1275 2142 εἰς
1299 2109 1366 2145 ὕψος
1391 2111 1510 2146 ἐπαίρει,
1538 2111 1570 2138 οὐ
1595 2111 1754 2140 δεσποτείαν
1783 2121 1857 2150 παρ-

1059 2154 1126 2190 έχει’
1147 2155 1249 2187 πάντες
1274 2154 1305 2181 τὸ
1333 2155 1399 2182 αὐτὸ
1427 2155 1541 2191 Πνεῦμα
1569 2156 1721 2192 ἐλάϐομεν,
1752 2157 1857 2190 πάντες

1058 2199 1098 2230 εἰς
1121 2197 1258 2226 υἱοθεσίαν
1285 2198 1458 2235 ὲκλήθημεν·
1488 2199 1534 2232 οὓς
1557 2200 1587 2227 δὲ
1613 2202 1627 2227 6
1653 2201 1748 2237 Πατὴρ
1765 2202 1871 2234 ὲδοκίκ

1059 2250 1155 2277 μασεν,
1184 2242 1295 2274 τούτους
1317 2243 1379 2270 κατ’
1404 2242 1530 2276 ἐξουσίαν
1554 2245 1611 2277 τοῖς
1626 2245 1703 2277 ίδίοις
1722 2245 1852 2280 ἀδελφοῖς

1056 2285 1191 2313 δουλεύειν
1217 2286 1344 2321 ἠξίωσεν.
1381 2287 1438 2323 Τὴν
1457 2287 1581 2316 δουλείαν
1609 2286 1656 2316 οὖν
1680 2289 1852 2325 πληροῦντες

1056 2330 1270 2367 παρακαλοῦμεν
1284 2331 1356 2367 ὑμᾶς
1368 2332 1415 2360 καὶ
1430 2332 1686 2369 διαμαρτυρόμεθα,
1697 2335 1852 2371 ἀποστῆναι

1055 2375 1103 2402 τοῦ
1120 2374 1242 2402 τοιούτου
1256 2375 1354 2402 κακοῦ.
1371 2377 1407 2403 Ἢ
1427 2376 1482 2413 γὰρ
1497 2377 1531 2413 ζῇ
1545 2378 1592 2404 κα¹ι
1614 2378 1749 2414 πάρεστιν
1765 2379 1794 2405 ὲν
1809 2377 1851 2414 τῷ

1056 2418 1145 2454 θνητῷ
1159 2419 1209 2454 βίῳ
1222 2418 1320 2454 τούτῳ,
1333 2419 1349 2455 ἢ
1362 2419 1502 2456 τέθνηκεν,
1518 2420 1548 2448 δν
1559 2420 1772 2457 ἀναθεματίζειν
1785 2430 1850 2457 προ-

1054 2465 1164 2500 ῄρησαι.
1181 2464 1213 2492 El
1231 2464 1280 2500 μὲν
1291 2462 1336 2492 οὖν
1350 2465 1389 2492 ἔτι
1399 2466 1549 2501 περίεστιν,
1562 2466 1670 2498 ἀσεϐεῖς
1682 2466 1849 2495 ἀποκόπτων

1053 2509 1098 2536 τὸν
1112 2509 1141 2536 ὲν
1150 2510 1313 2545 τρεπτότητι
1334 2509 1409 2544 ὄντα,
1428 2511 1476 2538 καὶ
1493 2511 1677 2546 μετατεθῆναι
1696 2511 1849 2547 δυνάμενον

1053 2553 1085 2580 ὲκ
1097 2552 1144 2580 τοῦ
1156 2553 1241 2580 κακοῦ
1259 2554 1299 2586 είς
1317 2554 1348 2581 τὸ
1359 2554 1472 2589 ἀγαθόν·
1491 2556 1517 2582 εἰ
1539 2555 1568 2582 δὲ
1591 2555 1733 2591 τέθνηκεν,
1754 2556 1848 2592 πολλῷ

1054 2597 1164 2632 μᾶλλον.
1192 2597 1224 2624 Τί
1243 2598 1362 2632 δήποτε;
1381 2599 1442 2626 Ὂτι
1463 2598 1502 2634 τῷ
1526 2599 1582 2635 ἰδίῳ
1605 2600 1700 2635 Κυρίῳ
1716 2601 1811 2636 στήκει
1826 2602 1845 2637 ἢ

1052 2641 1146 2668 πίπτει
1157 2661 1163 2672 ,
1185 2641 1277 2668 οὐκέτι
1293 2642 1345 2669 ὑπὸ
1359 2641 1482 2675 ἐξουσίαν
1494 2644 1668 2680 ἀνθρωπίνην
1685 2645 1844 2680 τυγχάνων·

1051 2686 1098 2712 καὶ
1112 2685 1142 2711 τὺ
1157 2686 1347 2721 κεκρυμμένον
1357 2686 1395 2722 τῷ
1408 2687 1462 2714 τῶν
1472 2687 1580 2715 αἰώνων
1594 2689 1685 2724 κριτῇ,
1694 2690 1846 2724 ἐπισφαλεῖς

1050 2729 1264 2764 ἀποφαίνεσθαι,
1292 2731 1364 2766 μόνῳ
1383 2731 1465 2759 εἰδότι
1488 2732 1534 2760 καὶ
1553 2733 1639 2769 μέτρα
1652 2732 1782 2767 γνώσεως
1795 2734 1846 2762 καὶ

1081 2818 1093 2833 ⁸
1102 2817 1178 2844 Valic.
1192 2817 1222 2841 τὰ
1239 2817 1389 2850 ἑστερημένα.
