2045 3116
199 119 252 148 989

200 177 275 206 verbi
297 175 445 204 molestiam
465 173 604 207 indicaret,
619 172 670 199 hoc
695 178 758 198 usus
781 170 902 205 exemplo
924 174 986 197 est:

201 223 423 259 quemadmodum
436 222 458 249 si
473 221 541 256 quis,
552 220 668 255 privatus
682 225 742 245 cum
757 218 802 251 sil,
817 218 915 252 regiam
929 225 990 252 pur-

201 277 293 305 puram
316 268 441 301 induerit,
468 271 522 293 tum
550 266 606 301 ipse
631 269 685 292 tum
703 264 897 291 commilitones
920 263 989 298 ejus,

201 315 274 349 quasi
296 313 400 350 tyranni
422 312 629 343 interﬁciuntur;
645 310 684 338 sic
697 309 742 345 qui
757 309 890 336 dominico
911 314 991 335 utun-

202 367 245 388 tur
257 360 374 392 decreto,
385 364 411 386 et
425 358 558 385 hominem
573 356 700 384 Ecclesia:
720 355 859 382 anathema
880 353 989 385 faciunt,

202 406 229 432 in
250 410 398 432 extremam
419 410 448 431 se
467 402 611 437 perniciem
630 400 776 432 abducunt,
801 399 860 427 Filii
879 398 992 434 dignita-

202 456 255 478 tem
278 453 446 484 usurpantes.
470 449 512 475 An
532 448 590 474 leve
614 447 710 482 putatis
731 453 792 473 esse
803 449 865 472 ante
887 449 991 479 tempus

201 502 227 524 et
239 496 335 531 judicis
348 495 488 522 adventum
505 493 550 521 tali
563 492 693 520 sententia
703 491 852 526 quempiam
863 490 991 517 condem-

202 541 284 569 nare?
299 541 364 568 Nam
376 540 517 568 anathema
530 547 546 566 a
558 538 664 565 Christo
685 544 793 572 prorsus
808 539 922 571 separat.
937 534 990 561 Sed

202 587 263 622 quid
279 586 370 613 dicunt
387 585 425 612 illi
437 585 469 612 ad
485 591 590 612 omnem
605 583 731 611 malitiam
746 581 878 609 audaces?
901 581 991 608 llazre-

202 634 280 665 licus,
296 633 379 665 aiunt,
394 631 438 659 ille
460 630 546 658 factus
558 634 609 662 est,
632 628 823 656 inhabitantem
839 627 917 654 habet
933 626 991 653 dia-

201 678 559 713 bolum,etloquilurcoutra
568 676 650 703 Deutn
668 674 824 710 nequitiam,
841 673 992 707 multosque

201 725 309 752 suadela
322 730 442 759 vanaque
455 722 556 750 fallacia
569 722 596 749 in
610 721 770 756 profundum
781 720 853 747 exitii
863 719 970 746 abducit
983 727 989 745 :

202 771 314 806 ideoque
325 779 340 798 a
351 768 473 797 Patrihus
481 768 581 802 ejectus
589 775 618 794 es
639 766 752 794 maxime
763 765 843 801 hujus
854 765 989 801 magister,

201 817 246 852 qui
258 820 357 851 partem
379 815 504 842 Ecclesize
521 813 643 845 abscidit,
657 813 695 840 sic
709 817 753 839 aut
773 816 881 847 propter
901 811 991 838 Pauli-

202 871 281 895 num,
303 866 349 890 aut
368 866 476 897 propter
499 860 690 896 Apollinarium
711 859 850 894 loquentes
860 859 909 894 (a).
924 858 990 885 Nam

202 911 235 937 de
244 910 337 937 horum
351 908 515 944 singulorum
528 906 675 934 diﬁcrentia
689 913 777 934 sermo
792 905 883 932 multis
892 904 991 931 novita-

203 956 236 982 tis
246 959 335 982 notam
344 953 454 987 pulchre
462 951 686 987 elfugit,errorcm
698 951 723 978 in
733 950 913 986 penetralibus
922 958 991 985 pra:-

201 1001 325 1036 judicalas
344 1000 476 1035 opinionis
497 999 639 1027 invahtisse
662 1006 776 1033 arguens
792 1007 798 1024 :
815 997 884 1024 Doce
901 998 927 1023 in
938 1004 991 1023 mo-

202 1046 281 1073 destia
302 1046 442 1081 corripiens
462 1053 516 1079 eos,
538 1045 580 1079 qui
598 1045 727 1076 resistunt,
743 1051 773 1070 ne
784 1043 885 1078 quando
899 1042 941 1068 det
956 1042 991 1068 eis

202 1091 270 1118 Deus
285 1091 452 1120 nmnitentium
469 1091 502 1117 ad
521 1089 719 1126 cognoscendam
742 1089 877 1120 veritatem,
894 1091 917 1114 et
930 1087 991 1113 resi-

202 1137 296 1172 piscent
308 1145 323 1162 a
338 1135 432 1162 diaboli
445 1135 542 1170 laqueo,
553 1143 568 1161 α
577 1143 627 1169 quo
640 1133 731 1169 captivi
744 1138 858 1160 tenentur
868 1132 901 1158 ad
913 1131 992 1165 ipsius

202 1180 508 1217 tolutitatem(2.Tim.‘2.
519 1179 627 1215 “25.26).
644 1179 762 1206 Extende
781 1185 905 1213 sagcuam
921 1177 990 1204 cari-

202 1227 272 1260 tatis,
284 1234 317 1253 ne
325 1226 395 1261 quod
407 1226 545 1258 claudicat,
555 1229 702 1257 evertatur,
714 1224 760 1251 sed
773 1224 859 1258 potius
872 1228 990 1250 sanetur.

201 1272 319 1300 Ostende
327 1276 351 1299 te
361 1280 393 1299 ex
403 1272 497 1299 affectu
507 1271 589 1299 multo
599 1271 695 1298 bonum
705 1270 840 1305 proprium
850 1275 992 1297 commune

202 1317 288 1345 facere
298 1317 376 1345 velle.
388 1317 470 1351 lnjice
484 1317 587 1344 dulcem
606 1317 845 1344 commiserationis
863 1316 971 1343 hamum
982 1336 990 1348 ,

201 1369 295 1390 etcum
306 1363 345 1390 sic
357 1363 460 1390 occulta
473 1367 606 1390 scrutatus
621 1362 751 1395 fueris,ex
759 1362 889 1397 profundo
903 1363 992 1397 perni-

202 1408 250 1436 ciei
272 1407 382 1436 extrahe
404 1416 475 1440 eum,
500 1408 543 1442 qui
566 1409 697 1435 sententia
718 1408 874 1435 submersus
896 1407 992 1435 fuerat.

202 1454 277 1489 Quod
286 1454 326 1482 vel
332 1462 364 1481 ex
371 1454 539 1488 przejudicata
545 1454 668 1488 opinione
675 1454 714 1480 vel
720 1461 753 1481 ex
763 1453 909 1488 ignorantia
919 1458 995 1488 puta-

203 1500 281 1527 batur
294 1507 353 1527 esse
367 1499 476 1531 bonum,
485 1499 588 1534 corrige
604 1503 631 1526 ut
644 1499 678 1526 ab
693 1499 838 1533 apostolica
851 1499 994 1526 traditione

203 1545 329 1572 alienum.
346 1545 384 1571 Ac
397 1545 419 1571 si
439 1544 545 1579 quidem
560 1544 586 1571 id
600 1544 720 1579 accipere
733 1544 797 1571 velit
810 1545 844 1577 is,
858 1544 900 1578 qui
916 1551 993 1571 erro-

204 1598 259 1618 rem
271 1595 421 1625 exceperat,
435 1589 579 1617 sccundum
600 1589 737 1625 prophetae
757 1597 860 1622 vocem,
876 1589 920 1616 ille
940 1589 994 1616 vita

204 1638 283 1669 vivet,
295 1641 322 1663 et
334 1641 362 1664 tu
371 1636 485 1663 animam
498 1639 568 1662 tuam
582 1636 707 1662 liberabis
721 1634 828 1670 (Ezech.
838 1635 864 1662 5.
877 1634 935 1670 21).
947 1635 994 1662 Sin

204 1682 278 1714 nolit,
290 1682 488 1710 etcontendens
498 1681 632 1716 persistat,
643 1686 709 1709 netu
718 1688 779 1708 rcus
787 1681 834 1713 sis,
843 1684 995 1707 contestare

205 1728 291 1756 solum
303 1735 363 1755 cum
377 1727 576 1762 longanimitate
596 1731 623 1754 et
640 1725 851 1759 mansuetudine,
868 1733 901 1753 ne
914 1725 995 1761 judex

205 1775 319 1802 animam
342 1774 399 1808 ejus
416 1773 450 1800 de
469 1781 548 1801 manu
570 1776 614 1800 tua
636 1772 763 1807 requirat.
785 1771 823 1799 Ne
845 1771 945 1803 oderis,
962 1778 996 1798 ne

205 1818 353 1852 averseris,
375 1826 409 1846 ne
426 1818 611 1853 persequaris,
635 1817 683 1844 sed
704 1818 835 1844 sinceram
854 1824 995 1851 veramque

206 1873 268 1899 erga
289 1873 350 1892 eum
373 1865 512 1891 caritatem
531 1863 666 1891 ostendas.
692 1862 765 1890 lianc
788 1863 909 1895 lucrare,
933 1868 959 1889 et
973 1863 994 1890 si

207 1911 272 1938 nihil
285 1910 355 1938 aliud
372 1910 492 1937 utilitatis
506 1911 638 1944 acquiras,
656 1909 713 1936 huic
725 1916 818 1944 magna
831 1912 873 1936 est
884 1908 993 1942 utilitas,

206 1957 257 1984 hoc
267 1964 390 1991 maguum
407 1957 517 1989 lucrum,
533 1956 604 1991 quod
622 1956 725 1990 diligas,
739 1961 766 1983 ct
780 1955 877 1982 Christi
894 1955 995 1982 doctri-

207 2012 267 2031 nam
289 2003 395 2031 doceas.
414 2003 447 2030 ln
467 2003 515 2030 hoc
532 2003 608 2036 enim,
629 2002 726 2038 inquit,
748 2006 905 2037 cognoscent,
929 2002 995 2036 quod

206 2049 325 2084 discipuli
341 2048 388 2075 mei
408 2048 476 2080 estis,
491 2048 514 2074 si
523 2048 681 2074 dilectionem
700 2047 836 2074 habueritis
847 2047 880 2073 ad
892 2047 996 2074 invicem

209 2094 307 2130 (Joan.
331 2094 372 2121 15.
395 2093 447 2126 55)
463 2102 469 2120 z
485 2100 537 2128 qua
558 2093 684 2125 absente,
710 2099 796 2127 neque
817 2092 994 2127 cognitionem

207 2139 393 2175 mysteriorum
422 2138 482 2170 Dci,
497 2145 583 2173 neque
605 2138 693 2169 tidem,
709 2145 795 2172 neque
817 2137 993 2172 prophetiam,

207 2191 294 2219 neque
314 2187 512 2218 paupertatem,
535 2190 620 2218 neque
640 2183 818 2210 testimonium
836 2182 869 2209 de
889 2182 995 2210 Christo

207 2231 346 2257 utilitatem
362 2228 458 2256 atl‘erre
478 2229 618 2263 Apostolus
633 2227 776 2255 declaravit
786 2227 826 2255 his
839 2228 926 2255 verbis
943 2236 949 2255 :
964 2228 996 2255 Si

207 2276 316 2303 habuero
330 2276 446 2310 mysterio
460 2275 554 2307 omnia,
570 2278 593 2301 et
607 2282 704 2301 omnem
720 2274 859 2303 scientiam.
873 2280 895 2300 et
907 2274 993 2308 ﬁdem,

208 2324 241 2349 ita
256 2326 282 2349 ut
296 2325 389 2348 montes
399 2321 559 2356 transferam,
574 2320 704 2346 raritatem
715 2324 798 2346 autent
812 2327 861 2346 noa
874 2319 994 2352 habuero,

208 2368 273 2395 nihil
288 2368 348 2394 ntihi
362 2367 461 2402 prodest
476 2375 486 2393 :
496 2371 518 2393 et
532 2367 554 2393 si
569 2366 661 2401 linguis
669 2365 815 2401 angelorum
828 2366 926 2400 loquar,
940 2370 962 2391 et
973 2366 995 2392 si

207 2414 300 2441 dedero
319 2421 417 2440 omnem
435 2412 600 2440 substantiola
616 2420 697 2438 meam
714 2412 740 2438 in
752 2412 829 2445 cibos,
845 2417 867 2438 et
881 2412 903 2438 si
916 2412 996 2437 trudi-

208 2508 325 2533 rumpens
336 2501 501 2533 etrdecentem
512 2501 621 2533 ordinem
631 2499 786 2530 confundens,
798 2503 843 2524 etc.
853 2508 864 2522 ι
886 2500 997 2533 Reddidit

208 2533 259 2565 ipse
264 2531 408 2565 sententiam
418 2535 497 2565 etnon
508 2531 578 2565 verba
589 2531 776 2565 Chrysogonum,
787 2534 857 2562 atque
868 2531 900 2555 ad
910 2538 997 2565 ριόρυτ

208 2562 281 2598 situm
291 2563 354 2598 illud‘
364 2570 433 2587 suum
441 2563 542 2598 inﬂexit.
552 2566 670 2598 Hactenus
676 2563 794 2598 Baronius.
802 2566 855 2598 Haec
861 2569 924 2598 cum,
932 2562 996 2598 quod

209 2595 238 2619 ad
249 2595 396 2619 sententiam
407 2593 508 2624 spectat.
516 2595 545 2618 iis
554 2600 608 2624 quae
619 2594 797 2625 chrysostomus
804 2593 881 2625 refert
889 2598 925 2618 sat
933 2593 996 2625 δὶιιιὶτ

209 2626 240 2650 lia
252 2627 308 2654 sint,
327 2625 396 2650 facile
411 2622 635 2649 c'rediderim'eum
651 2622 792 2648 memoriter
811 2622 951 2654 loquentem
967 2623 996 2647 ad

209 2660 369 2682 memoratum
382 2656 464 2687 lgnatii
477 2655 554 2679 locum
561 2656 710 2687 respegtisse,
719 2656 842 2687 verbaque
851 2656 951 2687 utirsese
964 2655 1001 2680 of—

209 2688 320 2712 ferebant
328 2694 358 2711 ex
372 2685 480 2717 tempore
494 2685 710 2717 protulisse,longc
718 2685 834 2710 absimilia
842 2686 923 2710 verbis
932 2688 999 2717 lgna-

209 2719 243 2747 tii,
253 2719 296 2743 sed
306 2718 369 2749 quod
381 2717 410 2741 ad
423 2716 568 2752 sententiam
580 2723 643 2747 pene
655 2716 749 2752 eadem.
762 2721 836 2752 Quem
844 2716 913 2752 enim
924 2716 997 2740 alium

208 2747 333 2781 martyrem
346 2755 377 2773 ex
389 2748 553 2781 Apostolorum
560 2748 731 2781 successione,
745 2747 873 2772 Antiochia:
885 2747 996 2778 loquens,

208 2779 344 2812 protulerit,
356 2785 428 2812 quam
438 2779 570 2812 lgnatium?

239 2812 275 2867 (at)
287 2815 320 2866 ple
331 2809 575 2873 tfaluliqoautiocheuo
587 2814 612 2836 et
621 2809 762 2842 Apollinei-io
770 2809 901 2836 Laodiceno
908 2810 996 2842 agitur.

239 2852 244 2867 ι
261 2851 276 2867 ὓ
307 2848 346 2866 0111
359 2849 398 2867 Ulli
411 2858 419 2866 ι

207 2843 276 2874 (tidc
288 2843 419 2873 monitum).

855 111 898 140 DE
917 112 1172 153 ANATHEMATE.‘

1781 121 1833 150 950

1042 171 1102 198 dero
1123 179 1215 206 corpus
1230 180 1328 205 meum,
1340 177 1370 200 ut
1382 173 1525 207 comburar,
1546 175 1677 202 caritatem
1687 181 1770 203 autent
1783 186 1833 204 non

1043 217 1162 250 habuero,
1177 217 1240 244 nihil
1252 226 1319 246 sum.
1335 220 1434 247 Caritas
1454 219 1561 256 benigna
1574 226 1621 255 est,
1644 230 1694 249 non
1716 223 1833 257 inﬂatur,-

1043 270 1093 289 non
1107 265 1196 297 qnan‘it
1209 272 1265 298 quae
1278 273 1324 291 sua
1338 270 1396 292 sunt
1411 273 1420 293 :
1436 267 1520 293 omnia
1533 267 1631 300 stt/fert,
1645 269 1730 295 omnia
1741 269 1830 301 credit,

1043 310 1126 336 omnia
1139 316 1235 345 sperat,
1247 312 1330 338 omnia
1341 313 1444 340 sustinet
1456 312 1494 349 (1.
1507 313 1565 340 Cor.
1583 314 1626 341 15.
1639 315 1665 341 1.
1680 323 1725 349 sqq
1737 315 1757 349 ).

1078 355 1104 382 4.
1118 355 1202 383 Nemo
1216 364 1248 384 ex
1263 357 1351 390 vobis,
1367 358 1467 390 dilecti,
1484 359 1562 386 talem
1579 367 1626 394 pro
1641 359 1750 387 Christo
1767 360 1834 387 affe-

1043 405 1113 428 ctum
1136 401 1274 434 exhibuit,
1297 403 1401 437 qualcm
1433 409 1523 431 sancta
1551 404 1595 431 illa
1622 405 1720 431 anima.
1742 405 1835 434 Nullus

1043 448 1179 476 hominum
1197 455 1292 484 prazter
1304 450 1377 477 illum
1393 458 1471 478 ausus
1492 457 1533 478 est
1553 452 1614 479 talia
1636 452 1755 486 proferre
1775 460 1836 479 ver-

1043 494 1088 522 ba.
1107 495 1164 530 Ipsa
1188 496 1276 523 anima
1295 497 1501 524 eomlmrebatur
1524 498 1615 525 dicens
1632 499 1785 535 :Adimpleo
1805 508 1835 526 ea

1042 546 1099 574 ([th
1123 540 1211 567 desunt
1235 541 1425 569 tribulationum
1446 542 1540 570 Christi
1561 544 1587 569 in
1599 553 1676 571 eunte
1697 553 1752 572 mea
1772 544 1834 580 (Co-

1045 585 1106 612 loss.
1126 586 1151 612 l.
1172 585 1228 622 2.5);
1251 591 1288 617 et,
1321 586 1445 622 Optabam
1464 588 1518 622 ipse
1539 597 1583 624 rgo
1604 590 1737 616 anathema
1755 599 1836 617 esse.

1043 631 1142 659 Christo
1158 641 1203 667 pro
1214 634 1335 668 fratribus
1348 635 1409 661 meis
1418 634 1505 670 (Rom.
1518 635 1543 662 9.
1555 636 1594 668 5);
1606 640 1642 668 ct,
1654 636 1715 668 Quis
1723 637 1834 670 infirma-

1043 682 1095 709 tur,
1109 682 1131 704 et
1146 686 1191 712 ego
1211 687 1261 705 non
1272 679 1389 713 iuﬁrmor
1405 680 1441 714 (2.
1457 679 1516 707 Cor.
1535 681 1575 708 ll.
1586 681 1647 716 29)?
1660 681 1780 716 Curaque
1790 682 1836 709 tali

1043 730 1103 758 erga
1121 723 1203 751 Deum
1218 724 1312 752 allecto
1326 726 1451 759 praeditus
1466 731 1536 753 esset
1548 748 1555 760 ,
1569 734 1621 754 non
1642 727 1834 759 contumelias,

1043 776 1096 795 non
1103 769 1166 801 vim,
1176 777 1228 796 non
1236 770 1403 797 anathemata
1410 771 1523 806 cuipiam
1533 771 1671 798 inferebat.
1682 772 1754 799 Alias
1763 772 1834 799 enim

1043 822 1096 841 non
1118 820 1156 842 tot
1177 821 1270 850 gentes
1290 816 1422 851 urbesque
1444 821 1513 844 totas
1538 817 1592 845 Deo
1612 818 1772 846 obtulisset:
1788 819 1836 846 sed

1043 861 1204 895 humiliatus,
1220 869 1372 896 percuSsus,
1386 862 1505 898 colaphis
1525 871 1621 897 caesus,
1644 865 1762 900 risuique
1775 873 1835 892 om-

1042 907 1114 934 nium
1130 909 1276 942 expositus,
1299 909 1357 936 lucc
1379 910 1556 944 perpetrabat,
1582 911 1752 946 blandiendo,
1770 912 1833 939 hur-

1043 953 1133 986 tando,
1151 954 1327 982 obsecrando.

1079 998 1156 1026 Pauli
1166 1001 1332 1027 mansuetudo
1340 990 1510 1029 inrmonenda.
1517 1017 1551 1022 —
1559 1002 1603 1030 Sic
1613 1003 1680 1038 apud
1692 1003 1822 1031 Athcnicn
1829 1020 1836 1025 -

1042 1051 1085 1072 ses
1096 1045 1194 1072 aditum
1204 1046 1253 1073 sibi
1268 1047 1338 1079 fecit,
1348 1054 1461 1082 eumque
1477 1048 1621 1075 invenisset.
1640 1056 1733 1076 omnes
1751 1049 1836 1077 idolo-

1042 1097 1102 1117 rum
1112 1091 1185 1118 cultu
1194 1091 1366 1126 insanientes,
1376 1101 1427 1120 non
1437 1093 1586 1128 opprobriis
1593 1102 1637 1122 eas
1645 1102 1785 1130 aggressus
1791 1100 1833 1123 est

1043 1135 1084 1163 his
1099 1137 1187 1164 verbis
1201 1145 1207 1164 :
1222 1137 1293 1164 athei
1307 1139 1558 1175 estis,omninoque
1576 1140 1664 1175 impii:
1678 1149 1729 1168 non
1748 1142 1814 1169 dixit
1828 1151 1836 1169 :

1043 1182 1131 1208 omnia
1144 1190 1191 1217 pro
1201 1183 1256 1210 Deo
1266 1183 1378 1217 habetis,
1386 1192 1522 1220 ttnumque
1532 1186 1613 1213 Deum
1624 1186 1736 1222 negatls,
1748 1187 1836 1215 Domi-

1043 1236 1106 1255 nqu
1115 1232 1142 1256 et
1149 1229 1271 1264 opificem
1282 1230 1398 1258 universi
1410 1240 1416 1258 :
1425 1232 1473 1259 sed
1482 1232 1543 1267 quid
1553 1231 1566 1258 ‘i
1574 1232 1837 1268 Circumicnsjnquit,

1043 1278 1067 1300 et
1075 1273 1161 1301 videns
1170 1274 1307 1302 simulacro
1315 1277 1491 1309 vestra,inveni
1498 1282 1520 1304 et
1530 1286 1612 1312 aram,
1621 1278 1648 1305 in
1658 1287 1707 1313 qua
1717 1280 1838 1314 scriptum

1043 1323 1106 1353 erat,
1117 1319 1213 1348 louoro
1225 1321 1290 1349 Deo.
1303 1322 1382 1354 Quem
1392 1330 1450 1357 ergo
1461 1323 1605 1357 ignorantes
1616 1324 1707 1357 colitis,
1718 1325 1784 1351 hunc
1791 1334 1837 1360 ego

1044 1367 1167 1393 annuntio
1179 1367 1247 1395 vobis
1264 1368 1332 1402 (Act.
1345 1369 1388 1396 17.
1407 1369 1465 1404 23).
1480 1369 1502 1397 0
1517 1371 1686 1398 miraculum!
1699 1379 1715 1398 o
1728 1376 1838 1406 puerua

1045 1414 1166 1440 viscera!
1187 1414 1234 1441 Pie
1254 1415 1343 1443 colere
1362 1415 1471 1444 Gnaeos
1490 1417 1571 1451 dicit,
1593 1418 1654 1445 licet
1674 1419 1837 1451 idololatlas,

1044 1458 1107 1486 licet
1131 1459 1211 1494 impie
1231 1465 1350 1495 agentes.
1370 1461 1478 1495 Quare?
1498 1462 1563 1496 Quia
1586 1463 1660 1498 quasi
1683 1465 1718 1499 pii
1738 1465 1838 1492 culttun

1044 1511 1121 1531 suum
1143 1505 1339 1539 persolvebant,
1360 1506 1444 1534 Deum
1466 1515 1496 1535 se
1514 1508 1603 1536 colere
1623 1514 1755 1544 putantes,
1777 1518 1838 1538 cum

1045 1549 1082 1576 ita
1095 1548 1145 1577 sibi
1158 1551 1362 1585 persuasissent.
1375 1551 1458 1587 Hujus
1471 1561 1519 1581 vos
1533 1561 1626 1582 omnes
1639 1554 1733 1583 hortor
1750 1556 1839 1584 imita-

1047 1598 1118 1622 tores
1131 1602 1201 1628 esse,
1221 1602 1252 1623 ac
1263 1597 1400 1624 vobiscum
1415 1598 1494 1625 etiam
1510 1599 1649 1634 meipsum.
1670 1600 1735 1628 Nam
1750 1602 1773 1629 si
1789 1603 1839 1630 Do-

1045 1640 1143 1674 minus,
1160 1642 1205 1676 qui
1222 1642 1385 1678 singulorum
1404 1644 1568 1672 voluntatem
1588 1647 1732 1681 prospicit,
1748 1653 1774 1675 et
1789 1650 1839 1676 scit

1046 1686 1132 1721 qualis
1145 1688 1257 1723 quisque
1271 1694 1393 1718 nostrum
1411 1690 1516 1718 futurus
1531 1691 1575 1725 sit,
1595 1693 1622 1720 id
1643 1693 1713 1725 fecit,
1728 1699 1757 1721 ut
1770 1695 1839 1722 dona

1046 1732 1323 1769 magniﬁcentiamque
1344 1743 1420 1763 suam
1438 1737 1561 1772 impleret
1576 1747 1583 1765 :
1599 1746 1686 1774 neque
1705 1741 1775 1767 enim
1792 1749 1840 1776 pro

1047 1778 1123 1805 malis
1136 1784 1209 1807 creat
1223 1780 1292 1808 Deus
1309 1789 1316 1807 :
1332 1786 1359 1808 et
1376 1781 1416 1809 sic
1436 1787 1524 1810 tamen
1537 1791 1584 1812 eos
1601 1787 1786 1814 communibus
1797 1787 1840 1814 di-

1047 1827 1142 1858 gnatus
1155 1829 1198 1851 est
1210 1825 1295 1858 bonis,
1311 1834 1458 1862 oumesque
1467 1828 1524 1856 vult
1535 1829 1680 1858 imitatores
1691 1832 1747 1866 ejus
1759 1839 1838 1860 esse:

1047 1877 1096 1896 cur
1111 1874 1137 1896 tu
1151 1871 1283 1898 contraria
1299 1871 1372 1904 facis,
1389 1873 1433 1907 qui
1451 1873 1477 1901 in
1495 1874 1639 1902 Ecclesiam
1657 1877 1798 1909 convenis,
1813 1883 1852 1905 et.

1047 1915 1205 1944 sacriﬁcium
1223 1917 1283 1944 Filii
1297 1918 1344 1945 Dei
1359 1919 1484 1953 perticis?
1497 1920 1610 1948 Nescitis
1623 1922 1693 1957 quod
1707 1923 1839 1950 calamum

1047 1967 1252 1996 conquassatum
1267 1971 1320 1991 non
1340 1964 1486 2000 confregit,
1501 1971 1528 1993 et
1543 1967 1624 1994 linum
1640 1968 1768 2004 fumigans
1786 1978 1839 1997 non

1048 2009 1174 2036 exstinxit
1188 2008 1266 2044 (lsm'.
1296 2010 1341 2038 42.
1361 2011 1407 2046 5)?
1427 2012 1494 2046 Quid
1514 2013 1565 2040 sibi
1582 2014 1637 2041 vult
1656 2015 1740 2042 illud?
1757 2016 1839 2043 Audi.

1047 2053 1142 2082 .ludam
1163 2055 1265 2091 ipsique
1288 2057 1389 2084 similes
1410 2058 1437 2084 in
1458 2058 1533 2092 lapsu
1555 2067 1608 2086 non
1628 2060 1733 2095 abjccit,
1754 2061 1840 2090 donec

1048 2100 1160 2136 quisque
1174 2108 1265 2128 eorum
1276 2107 1370 2137 sponte
1385 2103 1515 2131 abductus
1529 2105 1612 2132 crrori
1624 2113 1653 2133 se
1664 2108 1837 2141 manciparet.

1047 2145 1141 2173 Nonne
1150 2154 1197 2181 pro
1208 2148 1298 2182 populi
1308 2149 1461 2183 iguorantiis
1469 2150 1675 2184 supplicationes
1685 2151 1839 2179 oderimus?

1048 2192 1142 2220 Nonne
1157 2201 1204 2228 pro
1217 2193 1342 2226 inimicis,
1359 2202 1406 2229 pro
1419 2195 1570 2223 odienlibus
1583 2201 1610 2224 et
1621 2199 1839 2232 persequentibus

1048 2246 1126 2266 orare
1138 2239 1204 2273 jussi
1219 2239 1330 2267 sumus?
1344 2241 1383 2268 En
1396 2241 1571 2268 ministerium
1587 2242 1737 2276 implemus,
1750 2243 1839 2270 horta-

1049 2292 1160 2319 nturque
1181 2292 1228 2311 vos
1244 2293 1250 2311 :
1264 2285 1396 2313 ordinatio
1418 2293 1471 2313 non
1494 2287 1580 2321 ctferl,
1603 2295 1655 2314 non
1676 2288 1702 2315 in
1726 2289 1840 2316 sublime

1048 2331 1158 2363 extollit,
1187 2339 1239 2358 non
1268 2331 1412 2366 potentiam
1437 2337 1543 2367 prtcstat
1565 2341 1572 2359 :
1597 2341 1691 2361 omnes
1716 2334 1839 2362 eumdem

1049 2377 1176 2412 Spiritum
1196 2377 1357 2412 accepimus,
1378 2386 1471 2406 omnes
1491 2379 1516 2406 in
1531 2379 1701 2414 adoptionem
1724 2381 1838 2408 filiorum

1049 2423 1134 2450 vocati
1149 2431 1242 2450 sumus
1261 2432 1267 2450 :
1285 2431 1353 2459 quos
1371 2424 1450 2451 Pater
1462 2424 1597 2458 probavit,
1615 2432 1662 2453 eos
1675 2425 1800 2454 fratribus
1815 2428 1840 2454 in

1049 2473 1180 2504 potestate
1202 2470 1303 2497 servire
1322 2470 1415 2497 voluit.
1435 2470 1595 2498 Servitutem
1617 2471 1703 2506 itaque
1720 2477 1839 2499 nostram

1050 2515 1191 2550 impleutes
1204 2515 1342 2543 hortamur
1355 2522 1403 2542 vos
1414 2515 1642 2551 obtestamurque,
1658 2521 1685 2543 ut
1699 2517 1732 2544 ab
1748 2517 1840 2552 hujus-

1050 2560 1121 2587 modi
1143 2560 1212 2586 malo
1231 2560 1374 2587 desistatis.
1391 2559 1457 2587 Nam
1480 2561 1512 2593 is,
1532 2568 1610 2595 quem
1630 2565 1658 2588 tu
1683 2562 1840 2589 anathema-

1052 2607 1132 2634 tizarc
1151 2606 1301 2640 decrevisti,
1322 2606 1363 2634 vel
1378 2606 1442 2634 vivit
1455 2607 1482 2634 in
1495 2607 1544 2635 hac
1558 2609 1663 2635 mortali
1683 2609 1735 2636 vita
1748 2616 1842 2644 super-

1051 2657 1114 2684 stes,
1135 2652 1177 2680 vel
1197 2659 1316 2681 mortuus
1333 2657 1390 2686 est;
1411 2654 1434 2681 si
1451 2662 1518 2689 ergo
1539 2661 1675 2689 superstes
1689 2660 1739 2689 est,
1760 2656 1840 2691 impie

1050 2698 1116 2733 agis,
1140 2698 1184 2733 qui
1207 2698 1293 2726 adhuc
1314 2699 1475 2732 versatilem,
1497 2700 1542 2735 qui
1562 2701 1645 2735 possit
1665 2701 1698 2728 dc
1721 2702 1790 2729 tnalo
1812 2703 1839 2729 in

1051 2745 1149 2772 bonum
1171 2745 1278 2777 mutari,
1299 2744 1453 2778 abscindas;
1475 2747 1515 2773 sin
1539 2751 1659 2773 mortuus
1678 2751 1732 2779 cst,
1757 2748 1839 2775 nmlto

1052 2790 1136 2824 magis
1159 2788 1303 2825 [abstinuere
1325 2789 1428 2826 debes.]
1450 2790 1554 2824 Quare?
1572 2791 1638 2825 Quia
1663 2792 1773 2819 Domino
1792 2800 1839 2820 suo

1052 2841 1104 2865 stat
1118 2836 1158 2865 vel
1171 2836 1252 2871 cadit,
1267 2843 1351 2872 neque
1362 2836 1417 2871 jam
1429 2836 1479 2864 sub
1493 2837 1606 2865 humana
1621 2838 1723 2873 positus
1737 2843 1778 2868 est
1792 2846 1837 2875 po
