2045 3116
204 161 311 186 u-state-
327 154 365 182 Ac
377 153 411 182 de
425 161 469 188 eo,
485 153 555 189 quod
569 153 700 180 occultum
715 155 766 184 est,
781 150 994 184 saeculorumque

207 201 286 236 iudici
301 205 475 233 reservatum,
487 199 646 227 sententiam
659 197 730 225 ferre
744 196 921 231 periculosum
935 199 992 227 est;

206 255 266 275 eum
282 247 338 282 ipsc
357 245 430 273 solus
444 245 517 272 novit
530 249 557 272 et
577 243 696 271 scientia:
714 248 879 274 mensuram,
890 245 918 268 et
932 239 994 268 ﬁdei

204 292 324 322 modum.
344 290 492 323 Undenam,
514 296 619 324 quaeso,
637 288 736 315 scimus
751 286 848 322 quibus
862 293 892 314 se
905 285 994 313 verbis

204 337 350 369 accusabit,
361 341 407 363 aut
416 342 495 371 quam
509 334 691 362 defensionem
707 332 824 367 proferet
834 333 860 359 in
871 331 926 364 die,
941 338 992 366 qua

206 384 276 412 Deus
287 382 453 418 judicaturus
464 385 505 409 est
517 379 621 408 occulta
633 379 790 406 hominum?
804 378 873 406 Vere
890 378 994 405 insem-

205 429 292 456 tabilia
311 431 375 456 sunt
391 426 490 462 judicia
509 425 576 461 ejus,
595 430 623 453 et
639 425 835 460 investigabiles
853 424 903 451 vize
923 423 991 458 ejus.

205 475 267 507 Qui:
287 474 354 501 enim
372 473 439 500 novit
456 480 556 500 sensum
571 471 684 504 Domini,
699 475 743 497 aut
756 470 813 506 quia
832 468 994 496 consiliarius

203 521 258 555 ejus
271 519 320 555 fuit
341 518 417 554 (ιεαί.
437 517 483 546 40.
498 517 532 546 I5
543 516 573 554 )1
596 517 678 544 Forte
690 516 780 544 nullus
797 523 829 543 ex
843 515 937 548 nobis,
951 514 994 542 di-

203 565 275 598 lecti,
289 571 318 592 se
328 564 459 599 baptismo
469 563 606 598 dignatum
618 569 678 589 esse
692 565 776 596 putat,
792 567 872 588 nemo
884 560 934 587 scit
949 559 993 594 ju-

203 611 301 637 dicium
321 616 445 644 umquam
465 608 581 636 futurum
595 614 665 635 esse.
680 605 749 640 Quid
770 605 830 633 dico
841 604 993 640 judicium!

204 656 288 691 Ipsam
310 662 416 690 qunque
432 659 545 681 mortem
564 657 592 680 et
609 652 708 680 exitum
729 658 745 679 e
760 658 874 686 corpore
889 650 994 686 ignom-

203 709 274 734 mns,
288 700 323 728 ob
336 700 406 727 illam
420 707 508 727 rerum
520 698 687 726 smcularium
697 697 859 733 phrenesim,
871 703 930 731 qua:
945 703 994 723 nos

204 746 309 773 invasit.
323 745 365 773 Ab
379 745 429 772 hoc
439 765 447 778 ,
464 751 564 780 quam,
582 743 651 771 malo
662 742 792 770 absistite.
809 742 877 769 Ecce
891 741 952 768 dico
965 745 994 768 et

203 795 339 819 contestor
353 791 379 818 in
392 794 537 825 conspectu
556 789 603 817 Dei
621 793 649 816 et
663 789 810 815 electorum
826 787 991 822 angelorum,

203 838 265 865 hinc
279 837 356 864 nobis
370 837 397 864 in
411 837 455 864 die
464 835 556 872 judicii
571 835 669 862 malum
684 838 809 869 magnum
827 839 855 861 et
869 833 993 860 intolera-

207 882 286 908 lnlcm
310 882 399 916 ignem
422 881 524 916 parari.
542 880 608 907 Nam
623 881 646 908 si
663 881 689 908 iu
704 882 840 916 virginum
863 881 992 909 similitu-

206 929 269 955 dine
279 935 327 956 eos
339 926 448 963 (Matt/1.
461 927 510 961 25.,
527 927 581 962 II),
598 927 718 962 quicum
732 928 874 963 splendida
891 928 943 956 Iide
961 932 989 956 et

560 97 588 126 S.
608 95 745 126 .IOANNIS
762 92 998 124 CIIRYSOS’I'OMI
1018 91 1174 121 ARCIIIEP.
1194 93 1461 122 CONSTANTINOP.

1787 94 1842 123 95'!

1053 156 1156 176 morum
1170 149 1286 177 candore
1299 149 1432 183 vixerunt,
1445 149 1573 178 Dominus
1588 150 1783 183 universorum.
1795 153 1844 188 qui

1050 196 1167 230 ipsorum
1180 203 1260 231 opera
1275 195 1356 228 vidit,
1369 196 1404 224 ob
1415 196 1654 224 commiserationis
1673 199 1812 232 penuriam
1827 206 1845 226 ι

1050 241 1168 269 thalamo
1191 241 1294 269 alienos
1315 241 1430 269 reddidit
1451 251 1459 269 :
1477 241 1610 276 quomodo
1630 249 1689 276 nos,
1708 242 1753 278 qui
1769 244 1845 272 omni

1050 295 1111 315 eum
1136 287 1241 315 licentia
1261 288 1384 320 vivimus,
1404 292 1432 315 et
1450 288 1675 316 immisericordes
1696 296 1758 323 erga
1775 296 1845 317 cnn-

1051 333 1161 361 tribulcs
1173 338 1279 361 nostros
1293 341 1342 360 nos
1355 333 1528 367 exhibemus,
1546 334 1633 361 salute
1644 333 1717 369 digni
1732 334 1845 362 habebi-

1051 379 1127 407 mnr?
1140 379 1318 413 Quamobrem
1333 380 1446 407 obsecro
1465 387 1524 413 vos,
1538 387 1573 407 ne
1587 380 1667 408 verba
1686 379 1743 408 haec
1758 381 1844 416 negli-

1049 430 1144 462 genter
1163 426 1287 454 audiatis.
1303 425 1433 454 Haaretica
1455 425 1555 461 quippe
1573 425 1696 461 dogmata
1718 426 1760 458 iis.
1782 434 1845 462 qua:

1051 480 1101 500 nos
1125 472 1288 507 accepimus,
1308 472 1442 500 contraria
1463 472 1699 503 anathematizare.
1716 476 1744 500 et
1762 473 1844 507 impia

1050 517 1171 552 dogmata
1184 517 1321 545 confutare
1332 521 1447 552 oportet,
1462 517 1615 544 hominibus
1626 522 1714 544 autem
1729 524 1843 552 parcen-

1050 563 1125 596 dum,
1140 568 1167 591 et
1186 570 1234 598 pro
1247 571 1341 590 eorum
1356 563 1442 590 salute
1459 563 1590 590 orandum
1606 567 1658 590 est.
1672 562 1777 590 Utinam
1792 570 1844 590 nos

1050 616 1155 641 omnes,
1168 608 1214 636 Dei
1227 612 1254 636 et
1268 608 1381 643 proximi
1396 608 1482 635 amori
1496 607 1605 640 addicti,
1616 612 1694 642 atque
1706 608 1843 636 Dominica

1051 659 1229 689 exsequentes
1242 659 1390 689 praecepta,
1405 661 1466 681 cum
1486 654 1669 681 misericordia
1687 658 1714 681 et
1735 654 1844 690 fulgidi:

1051 700 1228 735 lampadibus,
1249 701 1274 728 in
1295 700 1338 728 die
1353 700 1555 728 resurrectionis
1569 699 1668 727 caelesti
1682 707 1780 735 sponso
1793 707 1842 727 oc-

1051 754 1199 779 curramus,
1210 746 1354 774 otI'erentes
1365 746 1403 773 illi
1417 747 1442 773 in
1455 745 1538 781 gloria
1551 745 1760 781 quamplurimas
1772 753 1842 773 cum-

1051 793 1222 822 miseratione
1248 797 1339 820 nostra
1362 796 1495 825 servatos,
1519 792 1604 827 gratia
1627 796 1655 819 et
1679 791 1842 826 benignitate

1051 841 1134 876 ipsius
1153 839 1279 874 unigeniti
1302 839 1362 866 Filii
1386 839 1443 872 Dei,
1465 838 1572 873 quicum
1598 837 1669 865 Patri
1687 837 1769 872 gloria
1789 844 1842 864 una

1050 894 1111 914 cum
1131 891 1224 914 sancto
1243 885 1354 921 Spiritu,
1376 892 1446 913 nunc
1467 889 1495 912 et
1511 892 1618 920 semper
1636 889 1662 912 et
1681 884 1706 911 in
1724 883 1821 912 sa-cula
1833 904 1840 915 ,

1049 934 1147 960 Amen.

218 1118 1830 1146 W'm

729 1247 786 1277 AD
811 1244 1017 1275 HOMILIAM
1046 1244 1084 1274 IN
1110 1243 1319 1274 KALENDAS

251 1515 300 1544 Illc
317 1515 447 1544 Kalends:
469 1519 657 1543 memorantur
675 1513 797 1542 Januarii
818 1513 940 1546 mensis,
963 1521 1001 1541 ea:

214 1568 322 1595 scilicet
335 1574 395 1602 quae
405 1573 511 1594 annum
538 1565 674 1601 incipiunt
693 1564 763 1599 apud
781 1563 930 1597 Romanos,
948 1571 1002 1598 qua

218 1620 262 1645 die
284 1626 344 1645 mos
365 1622 423 1646 erat
443 1617 518 1651 ξένια
534 1625 581 1645 seu
604 1616 765 1644 munuscula
788 1616 884 1642 amicis
905 1623 1004 1650 cogna-

219 1669 309 1704 tisque
322 1668 433 1700 olIerre,
444 1669 570 1696 convivia
591 1667 740 1699 celebrare,
762 1666 871 1700 aliaque
889 1666 1005 1700 publica:

221 1718 321 1744 Iaztitim
335 1718 412 1752 signa
423 1718 500 1749 dare,
517 1718 561 1744 ubi
579 1717 740 1752 plerumque
760 1716 902 1743 dissoluta:
919 1715 1005 1751 plebis

220 1772 307 1802 gesta,
321 1768 527 1803 superditiosas
542 1767 745 1794 observationes
757 1766 865 1800 aliaque
878 1765 904 1792 id
919 1772 1005 1800 genus

220 1818 313 1845 videre
326 1822 397 1850 erat,
410 1817 436 1844 in
452 1825 513 1852 qua:
527 1818 578 1844 hoc
591 1823 719 1844 sermone
734 1815 871 1842 invehitur
893 1819 1005 1842 sanctus

202 1868 323 1896 'doctor.
343 1867 474 1895 Libanius
490 1875 571 1902 porro
584 1866 743 1902 opusculum
759 1865 844 1893 edidit
863 1866 890 1892 in
903 1864 1005 1903 Kalen-

220 1917 267 1944 das
284 1917 462 1952 inscriptum,
479 1917 525 1945 ubi
543 1925 598 1952 quo
616 1917 668 1943 ritu
685 1915 813 1943 Kalendaa
835 1914 931 1942 tierent
949 1914 1003 1941 mi-

220 1968 335 1994 nutatim
346 1967 486 2000 describit,
499 1967 590 2002 aitque
603 1973 687 1993 unam
700 1965 880 1999 eamdemque
895 1964 1007 1992 celebri-

216 2021 303 2044 ‘tatem
320 2025 366 2052 per
381 2022 474 2045 totum
494 2017 649 2045 Romanum
675 2014 820 2050 imperium
847 2013 943 2041 eadem
963 2013 1007 2041 die

220 2069 274 2103 agi,
287 2069 351 2104 μίαν
362 2069 390 2096 δὲ
403 2066 462 2096 οἶδα
490 2069 581 2105 κοινὴν
599 2068 726 2095 ἁπάντων
737 2065 831 2093 ὁπόσοι
848 2064 931 2098 ζῶσιν
953 2065 1007 2092 ὑπὸ

220 2118 421 2154 τὴνῬωμαίων
442 2119 529 2154 ἀρχήν
541 2127 547 2133 ·
564 2118 687 2152 γίγνεται
702 2118 730 2145 δὲ
744 2116 870 2145 ἐνιαυτοῦ
890 2116 937 2143 τοῦ
955 2115 1007 2151 μὲν

220 2167 471 2203 πεπαυμένοι»,τοῦ
493 2167 521 2194 δὲ
544 2167 707 2203 ἀρχομένου.
736 2166 829 2202 Itaque
853 2165 887 2193 de
915 2165 958 2192 die
975 2172 1008 2192 ac

224 2226 317 2247 mense
330 2219 403 2245 nulla
418 2217 524 2245 videtur
549 2217 664 2252 quznstio
685 2216 789 2244 moveri
809 2224 905 2251 posse:
927 2224 1007 2244 secus

223 2272 313 2295 autem
331 2268 364 2295 de
389 2274 472 2296 anno.
493 2273 574 2301 quem
603 2274 636 2293 ne
655 2266 822 2301 eonjecluris
837 2266 947 2301 quidem
966 2270 1008 2293 sat

223 2317 410 2352 probabilibus
426 2315 559 2350 assignari
577 2323 657 2349 posse
669 2320 808 2350 putamus.
831 2315 1008 2343 Hermantius

225 2366 407 2394 subodoratur
425 2364 452 2391 in
470 2365 584 2399 primam
609 2365 681 2392 diem
705 2365 770 2392 anni
792 2364 844 2392 387
868 2364 1010 2392 conferen-

223 2417 285 2444 dam
309 2415 382 2442 hanc
410 2414 549 2441 homiliam
577 2421 647 2448 esse,
673 2414 737 2450 quia
761 2419 823 2450 post
851 2415 1010 2442 eucomium

224 2465 334 2502 aliquod
351 2465 439 2493 sancti
455 2464 530 2492 Pauli
549 2465 640 2492 habita
664 2469 716 2493 est.
747 2465 816 2493 Illud
836 2471 938 2498 autem,
963 2466 1010 2499 ait,

225 2516 382 2545 eucomium
396 2515 514 2551 idipsum
529 2515 636 2543 videtur
649 2523 720 2548 esse,
737 2516 809 2550 quod
835 2515 950 2551 legimus
967 2523 1014 2542 su-

226 2576 287 2603 pra,
302 2567 414 2594 homilia
425 2566 463 2593 De
475 2566 600 2601 petitione
613 2566 731 2601 ﬁliorum
744 2565 875 2599 Zebedwi,
891 2574 966 2594 num.
983 2566 1011 2599 3,

227 2625 288 2652 qua:
300 2617 384 2651 paulo
401 2619 463 2651 post
478 2615 573 2643 Natale
597 2616 661 2642 anui
678 2615 730 2643 386
753 2616 810 2644 sive
834 2622 896 2652 post
910 2616 946 2644 25
960 2616 1013 2644 De-

230 2667 348 2695 cembris
366 2667 458 2694 habita
483 2670 535 2694 est.
549 2665 650 2694 Verum
670 2665 740 2693 hanc
755 2665 905 2694 IIermantii
919 2666 1013 2701 conje-

228 2724 335 2746 cturam
360 2717 458 2745 merito
477 2716 580 2751 respuit
595 2714 795 2744 Tillcmontius.
813 2716 892 2749 Nam,
913 2717 1013 2752 inquit,

231 2768 299 2796 nihil
314 2767 483 2804 frequentius
497 2766 569 2802 apud
585 2766 811 2802 Chrysoslomum
825 2766 902 2794 Pauli
919 2767 1008 2795 laudi-

230 2818 281 2845 bus
294 2822 320 2845 et
335 2817 487 2851 encomiis;
517 2818 544 2846 in
560 2818 604 2845 illa
628 2826 692 2846 vero
710 2818 821 2846 homilia
851 2818 1014 2854 Chrysosto-

1058 1510 1119 1530 mus
1146 1501 1234 1530 obiter
1260 1506 1367 1529 tantum
1385 1500 1463 1528 Pauli
1482 1501 1608 1527 virtutem
1635 1499 1777 1533 celebrat;
1807 1498 1841 1525 ad

1058 1553 1115 1580 haec
1130 1557 1220 1580 autem
1236 1552 1347 1579 homilia
1361 1552 1406 1579 illa
1423 1551 1456 1579 de
1475 1551 1538 1579 [iliis
1553 1550 1674 1578 Zebedaei
1696 1550 1769 1577 dicta
1793 1549 1844 1576 l'uit

1057 1608 1119 1639 post
1134 1603 1273 1630 homiliam
1289 1602 1322 1630 de
1336 1601 1566 1629 Consubstautiali
1582 1600 1651 1628 ludis
1668 1599 1843 1628 Circensibus

1058 1659 1131 1679 anno
1148 1651 1200 1678 587
1216 1652 1348 1685 habitam,
1365 1651 1469 1679 scilicet
1482 1651 1526 1678 die
1544 1651 1622 1678 tertia
1638 1650 1678 1677 vel
1692 1654 1789 1685 quarta
1801 1650 1844 1677 vel

1058 1702 1152 1736 quinta
1174 1701 1297 1729 Januarii
1321 1711 1329 1729 :
1347 1710 1410 1730 nam
1432 1701 1475 1729 his
1500 1702 1595 1730 diebus
1626 1701 1682 1729 ludi
1701 1701 1844 1729 Circenses

1060 1753 1232 1788 agebantur;
1259 1757 1341 1787 atque
1368 1752 1436 1779 adeo
1451 1759 1504 1779 non
1531 1751 1618 1786 potuit
1646 1751 1691 1779 die
1720 1751 1844 1786 ejusdem

1059 1804 1124 1830 anni
1141 1803 1228 1838 primo
1250 1802 1329 1837 quasi
1353 1803 1410 1837 jam
1437 1802 1528 1829 habita
1557 1803 1713 1830 memorari.
1743 1796 1845 1830 Marulli

1059 1861 1140 1889 porro
1157 1853 1348 1880 Tillcmontius
1374 1852 1451 1880 Pauli
1467 1853 1534 1880 illud
1557 1852 1711 1881 eucomium
1728 1860 1789 1880 esse
1816 1853 1844 1879 in

1060 1903 1171 1931 homilia
1186 1903 1230 1930 cui
1245 1903 1350 1936 titulus,
1366 1902 1464 1934 Quale:
1479 1901 1603 1929 ducendi:
1618 1902 1670 1929 sint
1680 1909 1784 1933 uxores,
1798 1901 1846 1928 ubi

1060 1955 1156 1982 doctor
1174 1953 1220 1981 ille
1234 1953 1354 1989 gentium
1371 1952 1518 1980 identidem
1542 1952 1679 1980 laudatur.
1698 1951 1766 1980 Cum
1794 1959 1846 1978 au-

1060 2009 1113 2031 tem
1129 2005 1187 2030 haec
1207 2003 1317 2030 homilia
1342 2002 1445 2030 nullam
1463 2002 1594 2037 temporis
1621 2006 1713 2029 notam
1731 2009 1786 2036 prae
1815 2007 1846 2028 se

1062 2055 1142 2087 ferat,
1158 2055 1223 2082 hinc
1239 2055 1364 2090 sequitur
1379 2053 1481 2081 nullam
1496 2053 1558 2080 inde
1574 2052 1626 2087 peti
1642 2056 1723 2087 pos‘se
1740 2056 1845 2083 notam,

1063 2113 1118 2140 qua
1134 2105 1252 2132 homiliae
1271 2105 1305 2132 de
1321 2103 1450 2131 Kalendis
1463 2107 1571 2138 tempus
1583 2107 1611 2130 et
1625 2110 1713 2129 anuus
1725 2102 1848 2136 assigne-

1063 2161 1116 2183 tur.
1135 2154 1171 2183 Ut
1185 2154 1360 2182 Tillemontio
1371 2153 1569 2188 adstipulamur
1583 2152 1682 2179 dicenti
1698 2159 1751 2178 non
1767 2158 1847 2186 pesse

1062 2214 1113 2233 nos
1140 2213 1175 2234 ex
1196 2205 1353 2233 memoratis
1376 2204 1455 2232 Pauli
1481 2203 1615 2231 encomiis
1639 2203 1758 2237 aliquam
1782 2199 1859 2228 anuli

1060 2261 1154 2283 initam
1169 2255 1302 2287 mutuari.
1323 2255 1360 2282 ita
1376 2254 1415 2281 illi
1433 2254 1607 2288 acquiescere
1621 2261 1677 2280 non
1701 2258 1849 2287 possumus

1062 2306 1169 2342 putanti
1185 2305 1311 2333 cncomia
1327 2305 1372 2332 illa
1389 2303 1485 2331 haberi
1499 2304 1527 2331 in
1547 2303 1657 2330 liomilia
1674 2303 1719 2329 cui
1743 2301 1848 2334 titulus,

1065 2357 1163 2389 Quales
1178 2356 1305 2383 ducenda:
1321 2357 1374 2382 sint
1389 2362 1495 2388 uxores,
1506 2354 1552 2381 ubi
1562 2358 1753 2389 argumentum
1764 2353 1849 2385 aliud,

1065 2417 1147 2443 quam
1163 2409 1286 2436 cncomia
1303 2408 1390 2440 Pauli,
1404 2408 1533 2435 nimirum
1547 2407 1573 2434 id
1585 2407 1657 2442 quod
1672 2406 1751 2433 titulo
1764 2412 1852 2432 enun-

1067 2461 1160 2491 tiatur,
1173 2459 1333 2495 proponitur
1346 2467 1352 2485 :
1366 2457 1468 2485 Paulus
1484 2465 1548 2486 vero
1566 2457 1653 2485 obiter
1665 2460 1772 2483 tantum
1787 2455 1852 2482 hinc

1066 2516 1094 2538 et
1115 2510 1176 2538 inde
1193 2509 1330 2536 laudatur.
1350 2509 1384 2535 At
1405 2507 1531 2535 cncomia
1550 2506 1627 2533 Pauli
1646 2513 1707 2541 quze
1730 2505 1852 2541 Chryso-

1067 2566 1174 2589 stomus
1194 2560 1221 2587 in
1231 2560 1282 2587 hac
1293 2559 1425 2586 concione
1434 2561 1576 2589 memorat,
1590 2557 1704 2584 Paulum
1721 2556 1762 2583 vel
1772 2556 1853 2583 unice

1068 2613 1109 2640 vel
1119 2612 1253 2648 praecipue
1260 2615 1399 2646 spectasse
1407 2609 1542 2637 videntur.
1552 2607 1590 2635 Eu
1598 2606 1785 2643 Chrysostomi
1797 2614 1826 2633 vc
1831 2615 1854 2632 r-

1070 2664 1102 2690 bzt
1115 2672 1122 2690 :
1138 2661 1237 2698 ΙῙρὼην
1248 2661 1313 2696 γοῦν
1326 2659 1404 2696 ἡμῶν
1417 2658 1644 2694 ἐγκωμιαζόντων
1657 2656 1702 2683 τὸν
1718 2656 1854 2692 μακάριον

1070 2711 1187 2743 Παῦλον,
1199 2711 1286 2742 οὕτως
1297 2710 1488 2746 ἐσκιρτήσατε,
1503 2709 1541 2741 ὡς
1560 2707 1641 2735 αὐτὸν
1651 2706 1766 2742 ὁρῶντες
1783 2713 1855 2740 περ·

1069 2763 1166 2790 όντα...
1185 2762 1238 2788 Καὶ
1255 2761 1405 2796 ἐϐουλόμην
1430 2760 1478 2795 μὲν
1495 2759 1536 2790 εἰς
1555 2758 1604 2793 τὴν
1629 2756 1712 2792 αὐτὴν
1727 2755 1857 2782 ὑπόθεσιν

1070 2812 1146 2850 [897]
1163 2811 1312 2848 καταὸᾗναι
1326 2811 1372 2838 καὶ
1385 2811 1514 2846 τήμερον,
1530 2808 1597 2836 ἀλλὰ
1615 2807 1681 2843 πρὸς
1692 2807 1775 2842 ’ἕτερα
1789 2815 1858 2833 χατ-
