1985 3125
163 112 213 142 951

162 168 301 201 ποσότητα
319 167 446 198 πίστεως.
456 165 541 192 Πόθεν
552 165 608 202 γὰρ
621 167 710 203 ῐσμεν,
727 167 788 195 εἰπέ
800 177 855 204 μοι,
867 175 955 203 παρα-

162 207 248 237 καλῶ,
262 207 349 239 ποίοις
365 208 468 243 ῥήμασι
480 209 664 244 κατηγορήσει
680 208 788 241 ἑαυτοῦ,
801 209 818 245 ἢ
832 209 878 236 καὶ
891 209 956 236 ἀπο-

161 250 307 284 λογήσεται
326 249 354 276 ὲν
380 249 487 284 ἡμέρᾳ,
505 249 549 275 ὅτε
567 249 658 285 μέλλει
679 250 693 277 ὁ
715 250 782 282 Θεὸς
805 250 908 286 κρίνειν
922 251 956 277 τὰ

162 290 273 327 κρυπτὰ
296 289 350 317 τῶν
376 289 546 325 ἀνθρώπων;
570 291 674 324 Ὄντως
700 291 900 328 ἁνεξερεύνητα
922 292 956 319 τὰ

163 333 285 368 κρίματα
302 330 395 364 αὐτοῦ,
411 331 458 358 καὶ
475 331 672 367 ἀνεξιχνίαστοι
687 333 715 360 αι
732 333 785 360 ὁδοὶ
800 333 892 360 αὺτοῦ.
908 334 957 367 Τίς

162 375 218 409 γὰρ
239 373 315 407 ἔγνω
333 372 409 399 γοῦν
424 373 535 406 Κυρίου
546 393 554 404 ,
572 373 591 408 ἢ
612 374 658 408 τίς
677 374 850 409 σύμϐουλος
862 375 956 402 αὑτοῦ

162 415 280 449 ἐγένετο
288 422 299 446 ;
313 414 389 449 Τάχα
403 414 491 446 οὐδεὶς
502 414 532 446 ἐξ
546 415 636 450 ἡμῶν,
661 415 808 452 ἀγαπητοὶ,
823 416 957 452 ἠξιῶσθαι

164 455 353 492 βαπτίσματος
369 456 466 488 οῑεται,
481 456 571 488 οὐδεὶς
586 457 730 484 ἐπίσταται
746 458 836 493 κρίσιν
849 458 958 494 μέλλου-

164 506 213 524 σαν
234 497 358 531 γίνεσθαι
375 497 495 524 πώποτε.
520 498 552 524 Τί
578 498 651 532 λέγω
671 499 786 535 κρίσινς
810 499 893 527 αὑτὸν
912 500 957 527 τὸν

164 538 279 565 θάνατον
292 539 340 565 καὶ
353 538 402 574 τὴν
415 539 448 565 ὲκ
463 539 510 566 τοῦ
527 539 653 575 σώματος
668 540 757 573 ἔξοδον
770 542 956 578 ἡγνοήσαμεν,

163 581 196 607 ὲκ
211 581 259 615 τῆς
279 580 473 616 ὲπισκηψάσης
491 581 565 617 ἡμᾶς
587 581 740 617 φρενίτιδος
757 583 812 609 τῶν
832 583 879 610 τοῦ
899 583 957 618 βίου

164 622 346 657 πραγμάτων.
376 623 527 658 Ἀπόστητε
543 623 591 650 τοῦ
610 624 731 650 τοιούτου
754 624 851 658 κακοῦ,
866 634 957 661 παρα-

165 664 249 691 καλῶ.
276 665 341 691 Ἰδοὺ
361 664 434 699 λέγω
457 666 505 692 καὶ
523 665 746 702 διαμαρτύρομαι
768 667 884 694 ἐνώπιον
911 667 958 694 τοῦ

164 706 232 733 Θεοῦ
249 706 296 733 καὶ
309 706 363 733 τῶν
374 706 509 733 ἐκλεκτῶν
527 707 651 741 ἀγγέλων
661 728 668 740 ,
682 708 720 739 ὡς
735 709 854 743 μεγάλου
871 709 957 736 κακοῦ

166 749 213 774 καὶ
234 747 319 783 πυρὸς
343 748 495 783 ἀνηκέστου
517 749 664 783 γενήσεται
683 750 750 785 ἡμῖν
772 750 801 776 ἐν
824 752 856 786 τῇ
881 750 958 786 [696]

167 790 257 825 ἡμέρᾳ
269 791 318 824 τῆς
332 789 448 825 κρίσεως
461 790 556 816 αἴτιον.
567 790 596 816 Et
607 790 660 826 γὰρ
675 791 704 817 ἐν
718 793 750 827 τῇ
764 792 956 827 παραστάσειι

167 833 221 858 τῶν
251 832 393 866 παρθένων
415 832 479 863 τοὺς
512 831 583 866 μετὰ
616 832 747 868 λαμπρᾶς
770 834 890 866 πίστεως
911 833 957 860 καὶ

168 873 345 910 φαιδρότητος
362 873 420 908 βίου
431 873 575 908 ζήσαντας,
589 873 627 907 ὡς
643 875 725 902 αὑτοῦ
743 875 908 911 θεωροῦντος
922 875 957 902 τὰ

198 956 208 969 ⁸
217 957 294 984 Vatic.
306 961 335 990 τῇ
349 958 474 990 παρουσίᾳ.

740 111 774 139 IN
794 111 986 140 KALENDAS.
999 127 1032 133 —-
1046 110 1215 140 MONITUM.

1744 109 1795 136 952

1006 165 1076 202 ἔργα
1088 165 1177 191 αὐτῶν
1188 164 1235 191 τοῦ
1252 164 1306 192 τῶν
1329 164 1398 192 ὅλων
1411 161 1557 196 Δεσπὸτου,
1575 163 1732 198 ἀλλοτρίους
1748 165 1796 192 τοῦ

1006 207 1151 243 νυμφῶνος
1166 207 1209 234 διὰ
1225 207 1256 234 τὺ
1271 207 1432 242 squamos;
1449 207 1586 241 ἐποίησεν,
1600 206 1659 237 πῶς
1672 207 1763 242 ἡμεῖς,
1773 207 1798 234 o!

1007 249 1078 277 κατὰ
1093 250 1182 276 πᾶσαν
1197 249 1294 276 ἄδειαν
1318 248 1499 284 διαιτώμενοι,
1519 249 1567 275 καὶ
1587 248 1711 284 ἀνηλεῶς
1742 250 1799 281 τοῖς

1007 291 1152 326 ὁμοφύλοις
1168 290 1396 326 προσφερόμενοι,
1412 290 1550 325 σωτηρίας
1566 289 1742 325 ἀξιωθῶμεν;
1754 290 1800 317 Διὸ

1006 333 1102 367 δέομαι
1129 332 1222 368 ὑμῶν,
1244 332 1280 368 μὴ
1311 332 1458 367 παρέργως
1485 331 1539 358 τῶν
1560 331 1689 358 τοιούτων
1713 331 1800 365 λόγων

1007 374 1154 410 ἀκούσητε.
1170 374 1211 401 Τὰ
1236 374 1290 410 γὰρ
1315 374 1440 410 αἰρετικὰ
1465 374 1604 409 δόγματα,
1629 374 1664 400 τὰ
1682 373 1746 409 παρ’
1763 371 1802 400 ὧν

1008 416 1199 452 παρελάϐομεν
1209 436 1216 447 ,
1232 415 1440 451 ἀναθεματίζειν
1460 415 1526 450 χρὴ.
1546 415 1638 442 καὶτὰ
1651 416 1736 450 ἀσεϐῆ
1758 416 1800 443 δό-

1007 466 1102 493 γματα
1118 458 1248 493 ἐλέγχειν,
1259 458 1348 484 πᾶσαν
1361 457 1388 483 δὲ
1403 457 1484 491 φειδὼ
1497 456 1646 492 ἀνθρώπων
1655 457 1801 491 ποιεῖσθαι,

1009 500 1056 526 καὶ
1072 499 1200 535 εὔχεσθαι
1219 500 1289 535 ὑπὲρ
1305 500 1355 534 τῆς
1375 499 1466 526 αὐτῶν
1481 499 1631 534 σωτηρίας.
1651 500 1758 527 Γένοιτο
1772 500 1802 527 δὲ

1009 542 1113 573 πάντας
1126 542 1198 576 ἡμᾶς
1213 541 1263 577 τῆς
1278 541 1343 577 περὶ
1361 541 1407 567 τὸν
1420 541 1487 568 Θεὸν
1505 541 1552 567 καὶ
1565 541 1678 575 πλησίον
1691 542 1803 577 ἀγάπης

1009 584 1205 619 ἀντεχομένους
1215 604 1222 614 ,
1240 584 1287 610 καὶ
1301 583 1355 610 τῶν
1369 582 1538 609 δεσποτικῶν
1556 583 1671 610 ἐντολῶν
1686 584 1736 620 τὴν
1758 586 1803 619 ὲρ-

1009 625 1109 658 γασίαν
1124 625 1305 660 πληροῦντας,
1319 624 1388 660 μετὰ
1402 624 1495 656 ἐλέους
1503 625 1551 651 καὶ
1560 625 1680 660 φαιδρῶν
1693 625 1804 660 λαμπά-

1009 666 1062 692 δων
1076 667 1230 702 ἀπαντῆσαι
1243 667 1271 692 ἐν
1285 666 1378 702 ἡμέρᾳ
1392 666 1442 701 τῆς
1461 666 1636 698 ἀναστάσεως
1649 667 1663 686 ι)
1677 667 1752 702 αὐτῷ
1764 668 1804 702 τῷ

1011 708 1164 744 ἐπουρανίῳ
1178 709 1297 744 νυμφίῳ,
1312 709 1517 744 προσφέροντας
1529 709 1604 744 αὐτῷ
1618 710 1762 742 πλείστους
1775 712 1804 738 ὲν

1010 749 1073 785 δόξῃ
1084 750 1275 785 ὠφεληθέντας
1294 751 1326 776 ὲκ
1339 750 1388 785 τῆς
1407 750 1486 785 ἡμῶν
1506 750 1695 785 συμπαθείας,
1711 753 1804 787 χάριτι

1011 793 1058 818 καὶ
1069 792 1259 828 φιλανθρωπίᾳ
1271 792 1353 819 αὑτοῦ
1364 793 1409 819 τοῦ
1424 793 1583 828 μονογενοῦς
1593 793 1657 820 Tim":
1669 794 1715 821 τοῦ
1724 794 1803 827 Θεοῦ,

1013 834 1071 869 μεθ’
1086 832 1115 861 οὗ
1130 834 1169 868 τῷ
1187 835 1273 870 Πατρὶ
1286 833 1349 866 δόξα
1366 833 1424 869 ἅμα
1436 833 1475 870 τῷ
1494 835 1565 870 ἁγίῳ
1587 835 1726 871 Πνεύματι
1736 856 1743 868 ,
1757 836 1805 863 νῦν

1011 875 1058 902 καὶ
1072 876 1125 909 ἀεὶ,
1141 876 1187 903 καὶ
1199 876 1238 908 εἰς
1255 875 1366 907 αἰῶνας.
1389 876 1484 911 Ἀμήν.

1043 961 1058 980 b
1070 960 1146 986 Valic.
1159 965 1201 991 τῆς
1212 963 1321 994 κρίσεως.

186 1109 1790 1138 mm

908 1236 1110 1269 MONITUM.

185 1503 328 1540 επείτοντα
340 1507 406 1541 ἡμῖν
417 1507 431 1533 6
442 1506 518 1541 λόγος
530 1506 669 1542 ὥρμηται,
678 1507 712 1534 τὰ
724 1507 843 1544 σήμερον
859 1506 912 1533 ὑπὸ
923 1506 972 1542 τῆς

186 1555 283 1587 πόλεος
301 1556 410 1592 ἀπάσης
428 1556 630 1594 ἁμαρτηθέντα.
652 1558 722 1590 Τοὺς
743 1557 798 1594 γὰρ
823 1558 972 1589 ἀκούοντας

181 1607 236 1634 τῶν
254 1608 401 1643 ἐγκωμίων
423 1607 548 1639 Παύλου,
571 1608 704 1644 πρότερον
727 1609 776 1643 τῆς
798 1609 898 1644 ἀρετῆς
924 1609 972 1636 τοῦ

183 1657 290 1684 Παύλου
306 1657 430 1692 ζηλωτὰς
446 1656 516 1685 εἴναι
529 1659 592 1694 χρὴ,
609 1659 657 1686 καὶ
675 1660 725 1695 τῆς
747 1659 850 1695 ταύτης
870 1660 972 1695 ἀκροά-

185 1716 254 1740 σεως
270 1704 398 1740 ἀξίους-Ι.
411 1716 436 1736 e.
454 1708 547 1744 Nuper
561 1710 643 1745 igitur
655 1718 714 1737 cum
736 1710 840 1737 beatum
858 1709 973 1737 Paulum

182 1759 307 1785 eucomiis
320 1758 520 1791 celebraremus,
537 1760 576 1785 ita
591 1760 782 1792 exsultavistis,
796 1761 873 1796 quasi
885 1761 972 1795 ipsum

184 1813 338 1843 praesentem
351 1809 520 1837 vidissetis...
540 1809 665 1836 Volebam
693 1815 781 1837 autem
797 1811 825 1837 in
839 1810 908 1837 idem
926 1819 970 1837 ar-

183 1864 336 1893 gumentum
351 1858 427 1885 hodie
447 1857 623 1890 descendere;
646 1859 691 1886 sed
709 1859 744 1886 ad
757 1859 811 1886 alia
838 1859 970 1894 quietiam,

184 1917 243 1943 qua:
258 1909 342 1943 magis
355 1913 457 1943 urgent,
472 1910 559 1936 oratio
573 1914 665 1936 nostra
681 1910 843 1944 prove/titur,
869 1910 895 1937 in
910 1911 970 1946 qui-

184 1958 260 1986 busa
276 1963 331 1985 tota
355 1959 432 1987 hodie
457 1960 563 1986 civitate
589 1965 724 1994 peccatur.
751 1960 804 1988 Eos
829 1962 899 1988 enim
927 1963 973 1997 qui

185 2009 277 2036 laude:
292 2009 374 2036 Pauli
386 2009 480 2036 audire
509 2010 628 2045 cupiunt,
655 2010 731 2045 prius
757 2011 862 2038 virtutis
892 2011 972 2039 Pauli

185 2059 292 2087 a‘mulos
305 2067 361 2086 esse
381 2063 492 2094 oportet,
509 2063 533 2087 et
552 2059 704 2094 hujusmodi
729 2060 852 2088 concione
867 2061 970 2096 dignos.

184 2110 234 2138 liic
249 2110 325 2139 vides
340 2111 498 2138 concionem
517 2111 684 2142 memorari.
701 2111 782 2147 cujus
811 2111 972 2147 hypothesis

184 2170 234 2190 seu
250 2167 443 2198 argumentum
462 2166 540 2189 erant
554 2161 631 2188 Pauli
648 2161 761 2194 laudes;
787 2165 870 2197 atque
883 2161 972 2197 Chry-

185 2217 337 2240 sostomum
355 2211 474 2247 idipsum
502 2216 693 2244 argumentum
711 2212 772 2239 aliis
789 2212 815 2238 in
831 2212 973 2239 concinui-

184 2265 237 2292 bus
252 2268 374 2299 repetere
384 2263 576 2291 destinavisse.
603 2262 680 2295 Quod
711 2270 773 2290 cum
800 2263 970 2298 exploratum

185 2315 231 2347 sit,
247 2315 311 2350 quid
328 2314 401 2342 aliud
427 2313 472 2341 hic
500 2312 613 2340 iudicari
629 2317 729 2348 potest,
757 2321 838 2347 quam
869 2318 971 2348 septem

185 2365 238 2392 illa:
265 2365 299 2392 de
328 2364 405 2392 Pauli
422 2364 550 2391 laudibus
567 2363 695 2394 homilim,
711 2371 781 2398 quas
807 2363 877 2391 infra
903 2363 974 2391 inter

184 2424 327 2444 sermones
342 2415 523 2451 panegyricos
536 2414 670 2442 edemus!
684 2414 738 2441 Illa:
765 2418 855 2441 autem
883 2414 972 2441 homi-

183 2465 342 2494 liaauullam
370 2474 424 2501 pra-
440 2473 469 2493 se
500 2464 592 2492 ferunt
621 2465 753 2500 temporis
779 2468 892 2491 not-m:
921 2464 973 2491 hoc

188 2523 273 2543 unum
288 2523 322 2543 ex
346 2515 397 2543 hac
412 2515 445 2543 de
462 2514 591 2542 Kalendis
617 2514 729 2542 homilia
758 2514 893 2549 expiscari
911 2521 974 2548 pos-

186 2574 294 2598 sumus,
309 2565 381 2600 quod
397 2565 480 2592 etiam
496 2571 528 2592 ex
545 2569 643 2600 quarta
672 2566 699 2592 in
727 2564 840 2592 Paulum
859 2564 971 2591 homilia

187 2616 379 2647 confirmatur,
398 2615 483 2644 fuisse
496 2615 568 2647 illas,
584 2615 696 2650 perinde
721 2619 804 2649 atque
833 2614 972 2641 homiliam

186 2666 221 2694 de
235 2665 375 2696 Kalendis,
394 2665 544 2694 Antiochia:
560 2665 689 2699 habitas;
713 2672 775 2692 nam
798 2664 875 2692 initio
892 2665 974 2699 hujus

187 2715 307 2743 homiliaz
321 2714 396 2746 dicit.
424 2714 593 2750 episcopum,
621 2723 718 2750 nempe
737 2715 906 2747 Flavianum,
924 2715 971 2742 ab-

186 2771 289 2795 sentem
306 2770 371 2793 tunc
387 2765 483 2796 fuisse,
496 2773 556 2792 cum
576 2766 633 2792 haec
648 2765 692 2793 ille
707 2765 875 2800 praedicaret.

211 2816 308 2858 ‘Aliam
333 2816 437 2853 profert
466 2815 659 2845 Tillcmontius
688 2814 869 2850 ccuiccturam
884 2836 892 2850 ,
917 2823 971 2852 qua

1024 1507 1095 1536 hanc
1110 1508 1142 1535 de
1156 1507 1285 1536 Kalendis
1305 1508 1445 1536 bomiliam
1463 1509 1489 1536 in
1506 1517 1607 1536 aunmn
1623 1509 1674 1536 587
1690 1509 1807 1537 conferri

1025 1565 1104 1592 pos~e
1119 1559 1295 1593 probabiliter
1311 1559 1459 1586 existimat.
1481 1558 1624 1586 llomiliam
1640 1559 1755 1593 primam
1773 1559 1808 1587 de

1024 1608 1145 1642 Lalaro,
1164 1608 1264 1643 inquit,
1285 1609 1438 1644 insequenti
1465 1613 1527 1642 post
1543 1609 1681 1636 homiliam
1706 1608 1738 1635 de
1755 1607 1810 1634 Ka-

1024 1657 1112 1686 lcndis
1138 1658 1193 1690 die,
1213 1658 1270 1685 sive
1287 1657 1406 1685 secunda
1435 1656 1568 1689 Januarii,
1589 1657 1708 1684 habitam
1725 1656 1810 1684 fuisse

1024 1714 1128 1737 certum
1141 1715 1193 1738 est.
1206 1710 1262 1737 Cur
1276 1714 1367 1737 autent
1384 1709 1503 1736 secunda
1517 1707 1650 1741 Januarii,
1664 1712 1809 1743 postquam

1025 1759 1113 1794 prima
1133 1760 1197 1787 anui
1216 1760 1258 1787 die
1280 1759 1336 1794 jam
1354 1759 1515 1786 concionem
1543 1758 1684 1791 habuerat,
1712 1759 1808 1785 iterum

1025 1809 1239 1836 concionaturus
1257 1809 1354 1836 fuisset
1371 1815 1424 1835 non
1446 1807 1591 1839 videmus;
1612 1807 1663 1834 nisi
1691 1807 1751 1835 dics
1767 1807 1812 1835 ille

1025 1864 1178 1886 conventus
1196 1858 1303 1891 fuisset,
1325 1858 1454 1885 nimirum
1467 1862 1514 1885 aut
1536 1857 1678 1885 sabbatum
1694 1861 1742 1884 aut
1761 1857 1812 1884 Do-

1024 1909 1136 1942 minica,
1153 1909 1254 1943 quibus
1268 1907 1421 1936 certissime
1433 1907 1531 1935 diebus
1544 1906 1663 1934 collecta:
1674 1906 1811 1933 habeban-

1024 1962 1090 1986 tur:
1108 1958 1184 1992 atqui
1199 1965 1271 1984 anno
1284 1956 1336 1985 587
1358 1957 1417 1984 dies
1436 1956 1557 1984 secunda
1573 1955 1695 1983 Januarii
1717 1956 1811 1984 incidit

1025 2010 1052 2037 in
1083 2009 1238 2042 sabbatum,
1265 2007 1383 2042 indeque
1402 2006 1588 2034 verisimiliter
1614 2006 1758 2041 conjicitur
1782 2006 1810 2034 in

1024 2069 1127 2088 annum
1143 2060 1195 2088 587
1212 2059 1404 2087 conferendam
1423 2066 1483 2086 esse
1506 2057 1576 2085 hanc
1593 2057 1743 2084 homiliam.
1760 2056 1812 2084 Le-

1024 2111 1136 2139 vissima
1153 2118 1219 2138 sane
1234 2109 1391 2144 conjectura
1406 2118 1412 2136 :
1429 2116 1491 2135 nam
1505 2115 1577 2143 saepe
1596 2108 1811 2143 Chrysostmnus

1025 2159 1113 2186 tribus
1142 2163 1295 2193 quatuorve
1325 2157 1581 2191 consequentibus,
1613 2157 1669 2184 imo
1695 2156 1810 2191 singulis

1024 2209 1201 2237 hebdomadas
1231 2208 1328 2237 diebus
1365 2208 1546 2237 concionatus
1578 2206 1808 2241 deprehenditur:

1024 2267 1112 2294 neque
1127 2266 1277 2294 possumus
1290 2257 1331 2284 vel
1348 2262 1449 2286 certam
1477 2257 1518 2284 vel
1543 2257 1688 2284 admodum
1712 2257 1809 2291 proha-

1023 2309 1104 2336 bilem
1126 2316 1236 2336 causam
1253 2307 1375 2343 proferre
1390 2315 1440 2335 cur
1463 2311 1510 2334 aut
1527 2307 1619 2341 plures
1641 2314 1689 2340 per
1706 2306 1809 2333 hebdo-

1022 2359 1131 2386 madam
1147 2362 1195 2385 aut
1218 2357 1371 2392 pauciores,
1387 2360 1435 2384 aut
1451 2357 1635 2390 continuatus,
1652 2360 1700 2384 aut
1719 2356 1804 2384 inter-

1023 2408 1122 2435 missas
1137 2407 1283 2435 couciones
1299 2406 1512 2442 Chrysostomus
1526 2405 1661 2438 habuerit,
1689 2409 1720 2432 ut
1753 2405 1812 2439 ipsc

1023 2458 1215 2486 Tillcmontius
1232 2466 1286 2485 non
1300 2457 1382 2484 semel
1405 2456 1517 2489 fatetur,
1533 2461 1560 2483 et
1575 2457 1699 2491 pluribus
1719 2457 1810 2483 decla-

1023 2509 1129 2536 rabitur
1149 2508 1176 2536 in
1193 2507 1253 2535 Vita
1275 2506 1476 2542 Chrysostomi.
1494 2505 1639 2533 Heiniliam
1659 2506 1751 2540 itaque
1776 2506 1811 2533 de

1024 2559 1152 2586 Kalendis
1167 2558 1219 2585 hoc
1235 2558 1296 2585 loco
1314 2557 1454 2592 ponimus,
1474 2557 1538 2591 quia
1555 2565 1609 2583 non
1623 2556 1755 2590 aptiorem
1771 2555 1812 2583 lo-

1022 2619 1084 2640 cum
1097 2609 1259 2645 consignarc
1275 2608 1407 2636 valemus.

1059 2660 1311 2696 lutorpretationcm
1336 2667 1401 2686 vero
1431 2657 1545 2685 Joannis
1568 2657 1649 2684 Chcci
1666 2656 1812 2684 Cantabri-

1026 2712 1137 2748 giensis,
1168 2711 1293 2746 plurimis
1320 2710 1346 2737 in
1364 2710 1432 2738 locis
1459 2710 1630 2745 castigatam,
1658 2717 1673 2736 ο
1700 2709 1810 2744 regione

1028 2765 1114 2794 Graeci
1132 2769 1220 2793 textus
1234 2763 1369 2800 ponimus.
