2045 3116
240 104 295 134 955

937 111 970 140 IN
989 111 1184 144 KALENDAS.

1818 115 1869 142 951

249 224 1852 252 Μ,

239 402 382 424 EJUSDEM
397 403 513 426 οιιΔΤιο
527 405 683 430 κΑικνυιε
702 408 831 436 ΗΔΒΙΤΔ,
852 410 918 433 CUM
945 411 1010 433 NON
1029 412 1179 438 VENISSET
1204 415 1235 437 IN
1253 416 1415 439 PUBLICUM
1433 415 1472 438 ΕΟ
1493 417 1546 438 DIE
1565 417 1733 439 EPISCOI‘US
1753 418 1867 440 ANTIO-

277 442 366 487 Sﬂlf.
588 447 713 469 CONTRA
733 449 790 470 EOS
808 450 862 476 QUI
883 451 1057 473 NOVILUNIA
1075 454 1273 487 οΒεΕιινΑμτ,
1295 456 1334 478 ET
1356 457 1388 478 IN
1413 456 1561 479 CIVITATE
1586 458 1710 479 CHOROS
1726 458 1865 487 DUCL‘NT,

277 481 316 502 ΕΤ
334 482 366 503 ιη
382 483 502 506 υιρτυΜ
518 485 680 516 ΛΡοδτοιι,
699 488 800 510 OMNIA
817 489 849 511 IN
865 490 1006 513 GLOI‘IAM

1066 494 1204 517 [FACITE
1220 486 1245 525 (1
1265 481 1339 518 Cor.
1360 488 1406 524 10,
1427 487 1489 525 31).

265 910 289 937 Ι.
303 909 363 937 "aa:
376 909 498 938 Flatiuuo
508 908 634 944 Episcopo
644 917 693 936 non
704 912 824 943 prmcnte
833 906 901 933 dicta
912 908 978 932 sunt.
986 916 1021 923 —-

228 955 454 988 Quemadmodum
478 955 577 983 chorus
604 954 810 989 pracsultorem,
832 957 859 980 et
882 956 1020 979 nautarum

228 1001 370 1028 multitudo
384 1001 589 1036 gubernatorem
613 1000 723 1035 inquirit
736 1007 743 1026 :
758 999 797 1027 sic
811 1003 839 1026 et
852 997 1019 1025 sacerdotum

228 1046 278 1074 iste
291 1051 376 1074 coetus
391 1047 541 1082 pontificem
557 1046 636 1074 hodie
650 1053 728 1073 suum
742 1049 770 1073 et
785 1052 953 1072 communem
974 1050 1020 1078 pa-

227 1097 295 1120 trem
308 1092 451 1120 desiderat.
467 1092 520 1125 Sed
536 1093 562 1120 in
574 1092 657 1120 choro
671 1096 698 1123 et
711 1092 770 1119 navi
783 1098 876 1119 eorum
892 1090 936 1125 qui
950 1097 1019 1124 pra:-

226 1146 288 1166 esse
301 1139 399 1166 debent
417 1139 535 1167 absentia
545 1159 553 1172 ,
567 1139 679 1167 multum
700 1146 771 1174 smpe
788 1143 842 1166 tum
858 1137 1018 1170 ornamenti,

227 1189 281 1212 tum
296 1187 446 1214 securitatis
468 1186 584 1214 detrahit
598 1195 606 1214 :
620 1186 662 1214 hic
682 1191 770 1213 autem
791 1192 878 1212 secus.
893 1183 1019 1217 Quamvis

225 1231 295 1257 enim
314 1238 396 1258 carne
409 1239 461 1258 non
476 1231 565 1264 adsit,
582 1231 676 1265 spiritu
699 1236 786 1257 tamen
801 1229 895 1262 adest,
909 1234 935 1256 et
949 1235 1019 1255 nunc

225 1276 362 1303 uobiscum
375 1281 416 1304 est
425 1298 433 1309 ,
445 1277 516 1304 domi
529 1284 590 1305 cum
610 1277 701 1304 sedeat
714 1296 721 1309 ,
735 1275 956 1310 quemadmodum
969 1280 1018 1301 nos

228 1329 288 1348 eum
304 1321 348 1349 illo
360 1329 462 1355 sumus,
478 1330 638 1357 quamquam
652 1322 695 1349 hic
708 1327 819 1349 stemus.
837 1321 871 1348 Ita
887 1320 957 1348 enim
971 1327 1017 1347 ca—

226 1367 314 1394 ritatis
325 1372 417 1395 natura
432 1373 488 1401 est,
502 1373 527 1395 ut
552 1369 630 1403 longo
643 1368 782 1395 intervallo
793 1367 940 1402 disjunetos
954 1373 1017 1393 con-

229 1417 322 1447 grcget
336 1418 362 1440 et
376 1413 517 1440 devinciat.
533 1413 598 1440 Nam
621 1413 756 1441 hominem
772 1412 797 1440 in
811 1413 896 1439 aliena
910 1412 1017 1446 regione

223 1463 449 1492 commorantcm,
478 1464 506 1487 et
533 1459 636 1494 magnis
663 1466 677 1486 a
699 1459 776 1486 nobis
799 1458 949 1493 :cquorihus
963 1457 1017 1484 dis-

223 1502 343 1537 junctum
357 1503 379 1530 si
393 1503 543 1539 diligamus,
558 1504 676 1539 quotidie
689 1504 778 1531 animo
803 1503 1015 1538 cogitationeque

223 1549 369 1583 sequimur,
385 1550 609 1584 quemadmodum
622 1557 682 1576 cum
698 1557 760 1584 erga
774 1549 889 1584 aliquem
907 1556 959 1575 non
979 1549 1014 1575 ita

223 1593 309 1621 allecti
322 1602 428 1626 sumus,
442 1603 502 1622 eum
517 1603 550 1623 ne
566 1603 647 1630 prope
661 1595 767 1630 quidem
782 1595 930 1622 adstantem
945 1594 1016 1629 aspi-

222 1646 283 1667 cere
295 1639 446 1675 dignamur.
459 1640 511 1668 Sed
528 1645 557 1668 ut
571 1648 630 1668 cum
645 1641 741 1668 caritas
752 1640 837 1674 adest,
850 1640 950 1666 nullum
964 1640 1013 1666 im-

223 1685 403 1719 pedimentum
425 1694 459 1713 ex
478 1687 528 1714 loci
551 1686 690 1713 intervallo
710 1690 765 1718 cst;
784 1686 824 1713 sie
841 1685 934 1712 eadem
953 1693 1013 1712 cum

222 1730 313 1764 abest,
328 1731 427 1758 nullum
444 1731 599 1766 przcsidium
613 1738 646 1758 ex
662 1731 779 1758 locorum
791 1730 925 1757 vicinitate
939 1738 1015 1764 para-

223 1779 275 1802 tur.
287 1775 376 1810 Nuper
386 1780 474 1803 autem
486 1784 546 1803 cum
561 1776 666 1803 beatum
678 1776 787 1803 Paulum
799 1775 928 1803 eucomiis
941 1775 1012 1802 cele-

223 1820 376 1854 braremus,
393 1821 427 1847 ita
446 1821 644 1853 exsultavistis,
660 1821 735 1855 quasi
755 1821 840 1854 ipsum
855 1823 1012 1854 prmsentcm

224 1865 367 1893 vidissetis.
383 1866 464 1901 Atqui
477 1873 574 1901 corpus
586 1866 644 1901 ejus
656 1873 717 1893 cum
732 1866 757 1892 in
770 1865 839 1900 regia
853 1865 918 1892 urbe
927 1865 1012 1892 Roma

221 1910 317 1947 jaceat,
331 1912 420 1939 anima
435 1917 524 1940 autem
538 1913 563 1939 in
577 1919 657 1939 manu
672 1912 717 1938 Dei
732 1910 785 1942 sit;
799 1910 931 1937 Jurtomm
945 1911 1012 1937 enim

222 1959 314 1985 anitme
326 1958 353 1985 in
365 1966 442 1985 manu
456 1958 505 1985 Dei
516 1963 584 1990 sum,
595 1962 619 1985 et
635 1966 684 1984 non
695 1961 778 1992 tanget
791 1957 848 1984 illos
861 1961 1011 1984 tormentum

223 2004 233 2040 (
244 2004 308 2039 Sap.
328 2004 355 2031 5.
370 2004 404 2039 Ι)
422 2012 429 2031 :
445 2004 562 2031 caritatis
583 2008 671 2031 tamen
693 2003 732 2031 vis
746 2003 820 2030 illum
840 2008 901 2030 ante
919 2003 1010 2031 oculos

221 2054 326 2077 vestros
344 2049 493 2076 Collocavit.
513 2048 639 2076 Volebam
660 2053 748 2076 autem
770 2049 796 2076 in
818 2048 886 2076 idem
905 2055 1010 2083 quoque

221 2098 406 2129 argumentum
422 2093 500 2121 hodie
512 2093 674 2121 descendere
685 2114 692 2125 .
705 2093 751 2121 sed
767 2093 799 2119 ad
811 2094 860 2120 alia
876 2093 1008 2128 qutcdam,

222 2146 281 2172 qua:
291 2138 376 2173 magis
388 2142 492 2173 urgent,
505 2138 590 2165 oratio
600 2142 690 2164 nostra
702 2137 863 2172 provehitur,
875 2138 901 2164 in
913 2138 1009 2172 quibus

220 2192 236 2211 a
251 2188 305 2212 tota
320 2184 398 2212 hodie
417 2184 524 2212 civitate
542 2188 676 2219 peccatur.
692 2184 744 2211 Eos
763 2185 833 2212 enim
853 2185 896 2219 qui
916 2184 1008 2212 laudes

221 2230 296 2258 Pauli
308 2230 400 2258 audire
410 2231 530 2265 cupiunt,
543 2230 616 2264 prius
627 2229 732 2256 virtutis
742 2230 815 2257 Pauli
829 2230 939 2258 aemulos
948 2237 1008 2258 esse

220 2280 335 2311 oportet,
348 2281 374 2305 et
384 2276 535 2311 huiusmodi
549 2276 678 2303 concione
688 2276 790 2310 dignos.
802 2276 932 2310 Quoniam
944 2284 1007 2311 ergo

220 2329 273 2350 non
284 2322 358 2350 adest
369 2322 447 2349 hodie
460 2326 545 2357 pater,
562 2329 619 2356 age,
634 2321 756 2356 precibus
768 2322 838 2349 illius
851 2321 921 2354 freti,
935 2322 1005 2357 quod

219 2368 252 2394 ad
268 2368 459 2395 institutionem
482 2367 562 2395 vestri
581 2368 696 2402 pertinet
709 2368 879 2401 attingamus.
899 2367 964 2394 Nam
979 2372 1007 2395 et

219 2413 334 2449 Moyses,
349 2421 507 2449 quamquam
525 2421 577 2441 non
593 2420 705 2448 corpore
720 2421 837 2448 prmsens
856 2421 916 2440 cum
928 2421 1005 2441 exer-

219 2460 273 2487 citu
287 2459 345 2493 fuit,
358 2460 530 2487 nihilominus
545 2464 645 2492 tamen,
661 2459 714 2486 imo
730 2460 813 2486 multo
827 2459 911 2494 magis
925 2467 1004 2494 quam

218 2505 311 2540 reliqui
326 2506 488 2540 proeliantes,
503 2505 642 2533 victoriam
659 2505 799 2540 promovit,
816 2505 904 2539 pansis
917 2505 1004 2532 mani-

217 2551 269 2578 bus
278 2556 430 2579 sustentans
444 2559 551 2579 causam
565 2558 671 2578 suorum
682 2571 689 2583 ,
703 2554 730 2578 et
744 2550 863 2578 hostibus
876 2554 1004 2577 terrorem

217 2596 350 2624 incutiens
360 2596 453 2632 (Emori.
467 2597 520 2631 17).
533 2595 761 2630 Quemadmodum
773 2595 845 2622 enim
860 2602 945 2630 neque
957 2603 1003 2622 ca-

217 2643 303 2670 ritatis
314 2643 370 2675 vis,
387 2642 422 2669 ita
445 2650 532 2678 neque
552 2642 710 2677 precationis
730 2641 873 2669 efﬁcacitas
895 2641 946 2668 loci
964 2640 1004 2667 iu-

217 2688 328 2716 tervallo
351 2693 508 2721 coercetur;
531 2688 578 2716 sed
602 2689 671 2716 sicut
693 2688 735 2715 illa
760 2688 837 2722 longe
857 2687 1003 2721 disjunctos

217 2733 332 2768 copulat,
347 2733 386 2761 sic
399 2738 425 2761 et
438 2733 495 2760 haec
509 2740 556 2761 eos
569 2733 614 2769 qui
629 2733 720 2768 procul
735 2733 846 2764 absunt,
861 2731 1002 2759 admodum

214 2779 306 2815 juvare
317 2784 414 2815 potest.
428 2779 552 2808 Fidentes
563 2780 641 2816 igitur
656 2780 681 2808 in
692 2787 804 2815 pugnam
815 2778 1000 2815 procedamus.

1073 902 1139 931 Nam
1153 910 1180 932 ct
1191 906 1266 934 nobis
1279 906 1357 936 hodie
1369 903 1468 937 bellum
1483 910 1610 943 indictum
1623 917 1673 946 est,
1689 922 1741 942 non
1755 917 1855 945 Amale-

1072 948 1132 975 citis
1146 950 1337 985 imadeutibus,
1353 958 1381 981 ut
1396 959 1450 982 tum
1471 956 1596 989 fecerant,
1609 963 1655 986 aut
1668 959 1727 986 aliis
1741 961 1857 990 barbaria

1072 993 1265 1024 incursantibus
1278 1018 1285 1031 ,
1299 998 1345 1028 sed
1367 999 1531 1031 tltuiuouibus
1552 1009 1675 1040 pompam
1695 1004 1721 1031 in
1738 1006 1793 1032 foro
1810 1007 1857 1034 du.

1071 1041 1201 1070 centibus.

1109 1086 1165 1119 Quo
1184 1095 1257 1123 pacto
1278 1091 1376 1118 initium
1400 1094 1462 1120 anni
1473 1095 1647 1123 celebraretur.
1662 1112 1697 1118 —
1717 1099 1856 1128 Diabolicm

1071 1133 1142 1160 cuitu
1152 1137 1365 1168 pernoctationes
1378 1146 1437 1174 qua:
1461 1139 1540 1168 hodie
1554 1142 1654 1170 liuntct
1675 1145 1856 1175 cavillationes

1071 1181 1098 1204 et
1107 1179 1235 1213 convicia,
1258 1186 1285 1208 et
1302 1183 1457 1211 saltationes
1472 1191 1607 1214 nocturuze
1617 1208 1625 1219 ,
1640 1193 1666 1215 et
1679 1189 1786 1216 ridicula
1800 1191 1856 1219 lucc

1070 1225 1215 1258 commdia,
1229 1228 1323 1261 quovis
1348 1228 1423 1256 hoste
1437 1229 1555 1259 deterius
1579 1233 1711 1261 civitatem
1737 1241 1855 1264 nostrain

1069 1270 1199 1304 captivam
1215 1271 1314 1300 faciunt
1329 1282 1336 1301 :
1352 1279 1379 1302 et
1401 1282 1461 1303 cum
1480 1281 1632 1312 oporteret,
1648 1283 1676 1306 ut
1690 1280 1778 1307 animo
1797 1289 1856 1309 cuu-

1070 1315 1250 1350 traherentur,
1265 1318 1396 1354 lugerent,
1419 1321 1620 1357 erubescerent,
1642 1329 1696 1351 tum
1721 1326 1764 1360 qui
1786 1327 1854 1353 delt-

1069 1366 1199 1395 querunt,
1227 1367 1282 1390 tum
1310 1365 1354 1399 qui
1382 1374 1434 1393 non
1464 1367 1648 1403 deliquerunt,
1672 1370 1709 1398 illi
1748 1372 1854 1406 quidem

1068 1411 1176 1442 propter
1186 1408 1300 1437 admissa
1316 1410 1432 1439 facinora
1443 1433 1450 1446 ,
1465 1413 1491 1440 hi
1508 1421 1571 1441 vero
1585 1415 1645 1449 quia
1668 1416 1763 1444 fratres
1782 1419 1855 1446 vidc-

1067 1457 1128 1480 runt
1143 1455 1254 1489 turpiter
1277 1461 1401 1491 agentes:
1419 1458 1478 1486 heta
1488 1466 1547 1487 cum
1570 1461 1662 1495 primis
1677 1463 1769 1491 civitas
1785 1465 1852 1492 facta

1067 1503 1117 1531 est,
1131 1503 1158 1526 ct
1170 1506 1306 1533 coronata,
1322 1507 1349 1529 et
1364 1503 1458 1536 lorum,
1475 1505 1548 1539 quasi
1562 1505 1668 1541 elegans
1683 1513 1851 1543 sumptuosa-

1066 1551 1118 1578 que
1139 1545 1243 1579 mulier,
1259 1547 1398 1575 ambitiose
1413 1548 1490 1576 hodie
1503 1555 1657 1585 exornatur,
1674 1557 1701 1579 et
1721 1561 1795 1586 auro,
1813 1554 1853 1581 in-

1066 1589 1199 1617 dumentis
1221 1593 1355 1626 pretiosis,
1379 1594 1491 1629 calceis,
1506 1600 1533 1622 et
1546 1597 1654 1632 reliquis
1678 1599 1735 1633 ejus
1747 1602 1853 1635 generis

1066 1635 1185 1668 vestitur,
1199 1637 1310 1672 singulis
1330 1638 1355 1665 in
1370 1638 1476 1666 officina
1499 1647 1545 1668 sua
1566 1642 1663 1676 opilicii
1679 1644 1715 1670 sui
1732 1645 1855 1672 \'eudita-.

1065 1680 1136 1707 tione
1150 1681 1269 1715 ejusdem
1284 1683 1387 1711 artilicii
1403 1685 1488 1712 socios
1502 1687 1660 1714 auteccllerc
1674 1688 1851 1718 studentibus.

1065 1726 1127 1754 litae
1140 1732 1228 1754 autem
1242 1730 1404 1756 concertatio
1417 1738 1576 1766 quamquam
1591 1734 1699 1768 puerilis
1714 1735 1856 1770 cujusdam

1064 1771 1231 1805 cogitationis
1240 1777 1297 1806 est,
1312 1778 1339 1801 et
1350 1774 1431 1801 animi
1444 1776 1510 1803 nihil
1524 1784 1609 1811 neque
1627 1786 1750 1813 maguum
1766 1788 1852 1815 neque

1063 1817 1178 1845 sublime
1189 1819 1346 1853 cogitantis,
1361 1827 1412 1847 non
1426 1821 1460 1848 ita
1474 1822 1585 1849 multum
1597 1827 1685 1851 tamen
1700 1832 1790 1852 secum
1811 1826 1852 1854 iu-

1063 1864 1195 1891 commodi
1210 1871 1347 1900 apponat;
1364 1867 1410 1894 sed
1434 1867 1627 1896 inconsiderata
1642 1871 1762 1904 qutedam
1775 1873 1851 1899 solli-

1061 1911 1151 1938 citudo
1170 1916 1229 1944 est,
1243 1908 1302 1946 quin
1317 1913 1437 1940 sollicitis
1449 1914 1531 1941 risum
1548 1915 1624 1949 parit.
1638 1916 1665 1943 Si
1688 1917 1758 1943 enim
1770 1925 1850 1945 exor<

1062 1963 1127 1983 nare
1147 1956 1246 1991 aliquid
1262 1958 1375 1985 volucris
1385 1978 1393 1991 ,
1408 1966 1461 1985 non
1485 1960 1632 1993 oflicinam,
1648 1961 1694 1988 sed
1715 1967 1847 1997 mentem,

1061 2008 1114 2028 non
1139 2001 1237 2034 forum,
1259 2002 1305 2030 sed
1331 2003 1530 2038 intelligentiam
1555 2009 1625 2032 tuatn
1651 2012 1796 2040 exornato,
1819 2013 1853 2036 ut-

1060 2046 1147 2082 angeli
1165 2046 1304 2079 mirentur,
1318 2048 1469 2083 archangeli
1486 2048 1535 2076 hoc
1556 2050 1713 2085 approbent,
1728 2051 1784 2086 ipse
1799 2061 1847 2080 an-

1060 2093 1178 2128 gelorum
1194 2094 1320 2121 Dominus
1341 2094 1397 2121 suis
1417 2099 1442 2122 te
1465 2095 1543 2122 donis
1564 2101 1757 2124 remuneretur.
1784 2098 1846 2126 llaec

1059 2139 1129 2166 enim
1144 2147 1204 2174 qute
1218 2147 1287 2167 nunc
1297 2144 1338 2168 est
1352 2140 1506 2172 venditatio,
1517 2144 1572 2168 tum
1587 2141 1678 2174 risum,
1696 2147 1750 2170 tum
1760 2152 1844 2171 temu-

1059 2184 1184 2212 lationem
1199 2189 1336 2219 apportet;
1350 2185 1384 2212 ab
1404 2185 1437 2212 iis
1453 2186 1497 2220 qui
1521 2186 1627 2213 excelso
1652 2191 1714 2214 sunt
1737 2189 1844 2223 animo,

1059 2230 1159 2263 risum;
1175 2230 1209 2257 ab
1220 2231 1272 2258 illis
1285 2231 1329 2266 qui
1344 2231 1370 2258 in
1383 2230 1476 2258 eadem
1498 2232 1654 2266 mgritudiue
1672 2238 1750 2267 sunt,
1762 2242 1846 2262 temu-

1058 2274 1181 2301 tationem
1197 2275 1375 2311 invidiamque
1388 2276 1508 2303 multam.

1092 2319 1120 2348 2.
1140 2320 1202 2352 Sed,
1218 2325 1247 2348 ut
1261 2325 1338 2348 antea
1351 2321 1420 2353 dixi,
1438 2329 1491 2348 non
1502 2321 1536 2348 ita
1547 2322 1771 2356 reprehendenda:
1783 2330 1844 2352 sunt

1057 2365 1099 2393 hac
1119 2366 1402 2401 conceruitioueszqui
1416 2374 1479 2393 vero
1501 2367 1526 2393 in
1549 2368 1665 2395 tabernis
1687 2369 1742 2395 ludi
1763 2369 1842 2397 hodie

1056 2411 1137 2444 ﬁunt,
1154 2412 1192 2439 illi
1208 2419 1252 2439 me
1266 2412 1380 2439 maxime
1391 2412 1560 2445 excruciant,
1571 2417 1598 2440 et
1608 2413 1750 2448 impietatis
1763 2419 1842 2449 atque

1057 2459 1266 2493 intemperantia:
1287 2458 1356 2492 pleni
1376 2462 1454 2491 sunt;
1471 2457 1613 2493 impietatis
1636 2459 1751 2493 quidem,
1770 2461 1841 2494 quod

1055 2504 1100 2539 qui
1114 2504 1171 2531 haec
1185 2503 1300 2536 faciunt,
1314 2503 1370 2530 dies
1383 2503 1534 2537 observant,
1548 2508 1575 2531 et
1583 2505 1700 2539 auguriis
1713 2505 1842 2532 addicun-

1057 2554 1108 2579 tur.
1122 2553 1150 2576 et
1162 2553 1251 2584 ptttant
1266 2549 1288 2575 si
1302 2548 1462 2575 noviluniutu
1477 2549 1576 2576 mensis
1585 2548 1661 2583 hujus
1684 2556 1743 2576 cuni
1766 2549 1842 2576 volu-

1056 2598 1129 2630 ptate
1143 2599 1170 2622 et
1181 2594 1269 2621 lmtitia
1284 2593 1395 2627 degant,
1409 2593 1541 2628 reliquum
1553 2601 1583 2620 se
1592 2601 1692 2620 annum
1705 2592 1743 2620 sic
1757 2597 1842 2620 trans-

1055 2643 1164 2667 acturos
1185 2647 1193 2672 ;
1221 2639 1432 2673 intemperantia:
1467 2645 1541 2670 vero,
1567 2637 1637 2673 quod
1673 2638 1756 2672 prima
1780 2637 1839 2665 lucc

1056 2684 1162 2712 femina;
1175 2687 1202 2711 et
1216 2684 1266 2711 viri
1281 2683 1374 2718 pocula
1396 2683 1556 2718 implentes,
1570 2682 1651 2709 multa
1665 2690 1726 2709 cum
1741 2682 1838 2709 intent-

1056 2730 1174 2765 perantia
1189 2729 1279 2756 vinum
1303 2736 1405 2756 merum
1432 2728 1535 2755 bibunt.
1561 2728 1622 2755 Hzec
1646 2727 1751 2762 indigna
1778 2733 1840 2754 sunt

1055 2781 1142 2803 vestra
1172 2774 1352 2809 philosophia,
1378 2774 1434 2802 sive
1455 2781 1485 2802 ea
1512 2780 1559 2801 vos
1583 2773 1630 2808 ipsi
1650 2773 1767 2804 faciatis,
1783 2772 1840 2800 sive
