2045 3116
195 90 247 119 955

195 148 261 185 alios
274 148 325 176 hoc
340 147 426 182 facere
445 145 621 182 permittatis,
636 145 692 174 sive
715 144 741 171 hi
765 143 854 171 mundi
875 143 955 170 vostri
969 164 976 175 ,

194 195 251 224 sive
271 194 360 225 amici,
374 193 431 220 sive
452 192 529 219 vicini
550 190 658 218 fuerint.
674 190 730 217 Non
753 189 847 216 audisti
869 189 977 216 Paulum

194 240 343 269 dicentem:
366 237 426 265 Dies
459 236 593 263 observatis
619 239 641 261 rt
667 242 782 268 mensas,
806 239 830 261 et
853 239 976 269 tempore,

194 291 217 315 et
232 293 319 311 annos.
335 283 434 316 Metuo,
452 291 481 310 ne
495 283 589 318 [rustra
611 281 635 307 in
659 280 726 307 vobis
737 277 977 316 laboruverimiﬂa-

194 332 239 358 ιαι,
257 332 282 356 4.
301 329 343 356 t0.
361 329 415 362 ll).

230 375 404 408 Auspiciarum
416 377 440 399 et
453 372 563 402 ominum
574 373 680 402 uanitas.
697 387 731 392 —
745 372 867 407 Alioquin
887 376 977 399 extre-

195 430 244 450 ma:
258 421 307 447 hoc
322 425 362 447 est
375 419 508 452 amentia),
534 424 640 454 propter
653 426 733 445 untun
747 418 816 444 diem
827 438 834 449 ,
851 418 872 444 si
886 417 975 451 auspi-

192 472 266 495 catus
279 466 366 498 fuerit,
382 473 429 500 per
444 454 595 491 universum
618 463 668 490 hoc
692 468 846 498 exspectare
860 470 974 490 annum:

191 519 278 547 neque
299 511 423 538 amcntim
438 510 523 538 solum
534 530 543 543 ,
555 509 602 536 sed
615 509 751 536 diabolica:
765 507 900 542 cujusdam
915 506 976 534 effi-

190 558 296 585 cientia:
308 556 435 591 judicium
450 560 500 589 est,
510 563 562 582 non
578 555 684 590 proprio
698 554 783 581 studio
795 560 822 581 et
835 554 975 587 alacritati,

191 602 237 630 sed
250 601 409 637 quibusdam
426 601 527 628 dierum
541 599 741 628 circuitionibus
755 599 834 626 vitam
857 605 975 626 nostram

190 648 387 676 commendare.
409 647 570 674 Fortunatus
604 645 648 673 tibi
676 645 701 671 in
720 645 870 672 universum
891 652 976 672 annus

189 695 250 726 erit,
263 701 315 720 non
329 693 352 720 si
367 693 392 720 in
409 692 542 719 novilunio
554 691 642 718 ebrius
654 689 734 717 fueris
744 711 751 723 ,
767 689 812 717 sed
826 690 847 717 si
860 690 885 716 in
898 691 975 717 novi-

191 741 262 775 lunio
275 744 302 766 et
314 745 472 773 unoquoque
483 737 527 764 die
539 744 597 772 qua:
609 737 662 764 Deo
676 736 783 771 probata
797 741 859 763 sunt
870 735 974 763 feceris.

192 786 252 812 Dies
263 785 333 812 enim
353 784 436 811 bonus
447 788 473 810 et
487 783 571 810 malus
582 787 638 815 est,
652 790 704 809 non
715 782 828 817 quadam
843 781 893 808 sibi
913 789 974 816 pro-

189 832 246 866 pria
260 834 352 862 natura
362 851 369 863 ,
387 829 452 856 nihil
464 829 533 856 enim
548 828 606 856 dies
620 835 634 854 a
650 828 691 855 dic
704 827 807 860 differt;
824 827 870 854 sed
885 832 974 854 nostra

189 878 230 905 vel
239 877 372 912 diligentia
383 896 391 910 ,
402 876 444 903 vel
459 875 571 910 ignavia.
585 874 611 902 Si
624 874 752 909 justitiam
766 872 876 905 feceris,
889 873 975 901 bonus

190 923 236 954 tibi
254 922 312 953 dies
331 921 452 951 eritzsin
474 925 609 956 peccatum
629 919 824 954 designaveris,
839 919 923 946 malus
948 923 976 945 et

189 968 308 1004 supplicii
323 968 424 1002 plenus.
440 967 467 994 Si
484 967 532 995 ista
547 965 688 993 meditatus
699 986 705 998 ,
719 965 740 992 si
759 965 792 991 ita
808 965 896 991 animo
908 963 973 991 affe-

189 1018 248 1041 ctus
260 1012 359 1046 fueris,
375 1017 402 1039 et
417 1019 508 1047 preces
527 1011 763 1046 elecmosynasque
783 1009 900 1044 quotidie
925 1008 973 1036 ad-

189 1059 321 1092 hibueris,
350 1058 510 1086 fortunatum
538 1057 647 1084 habebis
685 1061 768 1084 totum
795 1064 909 1084 annum:
932 1056 974 1083 sin

187 1103 311 1133 virtutem
340 1103 505 1138 neglexeris.
532 1107 559 1129 et
583 1102 663 1133 initiis
690 1102 820 1128 mensium
845 1108 876 1128 ac
899 1101 974 1128 statis

160 1165 165 1173 ι
191 1149 285 1176 diebus
308 1149 388 1178 animi
407 1148 442 1179 tui
458 1147 660 1175 oblectationem
684 1146 900 1178 concredidi-ris,
914 1154 973 1172 om-

162 1188 166 1191 .
187 1195 260 1221 nium
271 1201 330 1228 qua:
344 1193 377 1220 ad
392 1198 416 1220 te
432 1193 564 1227 pertinent
578 1192 663 1218 inanis
679 1193 732 1218 eris
747 1191 886 1218 bonorum.
898 1191 973 1224 Quod

143 1250 148 1251 ν
187 1248 247 1268 cmn
262 1240 381 1267 diabolus
393 1239 548 1274 perspiciat,
563 1243 589 1266 et
604 1237 707 1265 studeat
722 1242 826 1265 nostros
839 1238 863 1265 in
876 1238 974 1266 virtute

191 1285 295 1312 labores
315 1285 452 1319 frangere,
467 1288 495 1311 et
518 1283 599 1310 animi
612 1283 772 1313 alacritatem
784 1283 952 1318 exstinguere
963 1302 972 1315 ,

191 1336 245 1357 tum
275 1330 368 1361 bonos,
384 1334 438 1356 tum
464 1329 546 1355 malos
573 1329 739 1363 negotiorum
769 1328 856 1355 exitus
881 1328 973 1355 diebus

187 1376 339 1404 adscribere
363 1382 411 1402 nos
432 1374 519 1402 docet.
535 1374 600 1402 Nam
622 1375 665 1409 qui
687 1374 736 1402 sibi
762 1374 810 1408 ipsi
834 1375 974 1409 persuadet

186 1422 257 1450 diem
270 1421 310 1448 vel
323 1420 421 1447 bonum
435 1420 476 1447 vel
490 1420 587 1446 malum
602 1427 677 1452 esse,
690 1427 776 1454 neque
790 1420 815 1446 in
835 1420 904 1448 malo
929 1420 973 1448 die

187 1466 316 1496 bonorum
329 1466 455 1492 factorum
468 1472 558 1491 curam
573 1464 678 1491 habebit
689 1485 697 1497 ,
710 1465 783 1499 quasi
798 1470 906 1499 propter
919 1465 971 1493 diei

187 1511 370 1544 necessitatem
386 1511 480 1537 frustra
497 1509 641 1536 laborando
652 1510 718 1536 nihil
738 1510 874 1544 proficiat:
887 1518 973 1545 neque

186 1561 278 1586 contra
301 1556 326 1582 in
341 1555 410 1582 bono
423 1555 466 1582 die
487 1555 629 1589 quidquam
646 1555 723 1581 fariet
734 1575 741 1587 ,
754 1555 847 1590 quasi,
863 1560 972 1591 propter

187 1602 284 1632 bonum
298 1600 349 1627 diei
365 1607 518 1628 successum
529 1621 536 1633 ,
551 1600 656 1634 propria
672 1601 792 1627 socordia
807 1608 971 1635 nequaquam

186 1647 305 1684 lmdatur.
320 1646 364 1673 Sic
378 1646 500 1680 utrinque
522 1652 597 1672 suam
621 1646 703 1679 ipsius
727 1645 821 1679 prodet
840 1646 970 1679 Salutem,

185 1698 265 1727 atque
281 1691 412 1722 interdum
437 1695 465 1718 ut
481 1690 619 1720 inutiliter.
641 1690 774 1717 interdum
789 1691 864 1725 quasi
878 1699 971 1725 supcr-

187 1745 302 1771 vacance
317 1737 456 1768 laborans,
472 1736 498 1763 in
522 1736 577 1762 otio
591 1739 618 1762 et
640 1735 754 1769 nequitia
781 1737 861 1762 vitam
883 1736 971 1769 deget.

187 1783 260 1817 Quod
274 1791 334 1810 cum
347 1782 471 1814 sciamus,
483 1781 581 1811 diaboli
601 1781 712 1807 astutias
737 1780 826 1815 fugere
849 1785 971 1816 oportet,

186 1835 213 1858 et
227 1829 295 1856 hunc
308 1829 386 1855 animi
398 1835 504 1855 sensum
520 1827 663 1861 deponere,
680 1831 707 1856 ut
718 1834 802 1861 neque
812 1827 868 1854 dies
879 1827 972 1854 obser-

186 1883 294 1908 vemus,
306 1882 392 1909 neque
417 1874 486 1901 hunc
500 1873 569 1900 diem
584 1873 742 1908 refugiamus
755 1893 762 1905 ,
778 1873 851 1900 illum
877 1871 972 1908 diliga-

187 1928 255 1953 mus.
270 1920 328 1947 Non
342 1920 411 1949 enim
428 1919 513 1946 solum
537 1923 565 1946 ut
580 1925 628 1947 nos
650 1919 676 1945 in
700 1914 846 1946 socordiam
862 1918 971 1953 injiciat,

185 1951 232 2000 sed
244 1966 322 1993 etiam
336 1970 364 1992 ut
378 1972 457 1999 opera
477 1964 522 1991 Dei
543 1963 645 1998 sugillet
660 1984 667 1996 ,
681 1966 737 1990 tunc
750 1964 833 1991 malus
844 1964 887 1991 ille
912 1971 972 1990 mo-

187 2011 250 2038 litur
272 2010 386 2043 diemon,
402 2014 430 2037 et
455 2010 479 2038 in
496 2009 656 2043 impietatem
679 2009 879 2043 socordiamque
893 2009 972 2036 simul

186 2057 288 2087 animas
301 2060 404 2083 nostras
419 2054 572 2090 pertrahere
582 2054 689 2089 cogitat.

222 2102 296 2129 Nihil
311 2102 415 2134 malum,
426 2101 473 2127 nisi
485 2105 628 2136 precatum;
639 2100 703 2127 nihil
712 2099 870 2131 bouum,niri
884 2100 971 2127 virtus.

186 2163 222 2169 -—
236 2147 288 2175 Sed
309 2147 413 2177 resilire
434 2154 481 2173 nos
498 2150 611 2180 oportet,
626 2150 653 2173 et
672 2149 746 2172 certo
766 2149 891 2177 statuere,
908 2145 971 2171 nihil

187 2193 285 2224 malum
298 2199 356 2219 esse
367 2191 416 2221 nisi
432 2191 676 2226 peccatum‘solum,
691 2195 717 2216 ct
730 2189 794 2216 nihil
810 2190 906 2216 bonum
922 2190 971 2216 nisi

185 2240 309 2266 virtutem
321 2238 414 2269 solam,
427 2241 453 2263 et
466 2235 726 2271 perpetuntucultum
742 2235 797 2262 Dei.
814 2235 973 2263 0blectatio«

187 2292 247 2315 nem
261 2283 351 2315 animi,
367 2290 420 2309 non
432 2280 612 2311 ebrietas-aed
629 2280 744 2314 precatio
756 2281 909 2314 spiritualis,
920 2289 971 2310 non

185 2338 196 2355 \
205 2330 286 2362 inuin,
299 2328 345 2357 sed
358 2328 466 2357 verbum
479 2326 601 2354 erudiens
615 2325 699 2354 afl'crt.
716 2325 809 2354 Vinum
822 2326 891 2353 enim
907 2331 972 2354 terit-

186 2380 326 2410 pestatem,
336 2374 444 2403 verbum
460 2373 671 2406 tranquillitatem
684 2376 754 2400 creat
770 2381 776 2399 :
791 2373 854 2401 illud
872 2373 971 2400 tumul-

187 2428 243 2451 tum
259 2419 411 2454 introducit,
428 2419 478 2446 hoc
494 2418 679 2447 turbulentiam
695 2418 802 2452 expellit
816 2427 823 2445 :
838 2419 901 2446 illud
922 2419 971 2447 ob-

185 2471 276 2495 scurat
299 2470 432 2497 mentem,
459 2465 510 2494 hoc
531 2464 697 2493 obscuratum
720 2465 849 2492 illuminat
875 2474 882 2492 :
908 2466 970 2492 illud

186 2511 268 2539 animi
282 2518 411 2538 mmrores
424 2510 468 2545 qui
483 2514 544 2537 ante
559 2517 610 2536 non
624 2509 726 2537 fuerant
739 2510 846 2542 invehit,
865 2510 914 2537 hoc
925 2519 971 2542 eos

183 2558 229 2592 qui
240 2557 335 2585 adsunt
348 2557 478 2586 exturbat.
494 2555 563 2583 Nihil
577 2556 646 2584 enim
662 2556 695 2583 ita
710 2555 824 2583 lmtitiam
832 2556 970 2590 gaudium-

185 2611 237 2637 que
253 2603 331 2638 parit,
349 2607 378 2633 ut
398 2602 455 2631 hzrc
475 2602 648 2637 philosophim
662 2607 759 2630 nostra:
773 2603 890 2630 instituta
905 2612 912 2630 :
928 2611 971 2630 res

185 2653 330 2683 pra'sentcs
344 2649 490 2683 despicere,
506 2647 601 2675 futuris
617 2647 717 2674 inhiare
731 2656 738 2674 :
753 2647 815 2679 nihil
827 2648 970 2679 humanum

184 2696 279 2724 stabile
298 2695 434 2730 judicare,
459 2702 510 2722 non
535 2693 648 2726 divitias,
674 2701 726 2720 non
750 2694 903 2727 potentiam,
918 2702 970 2721 non

185 2742 310 2776 honores,
321 2748 373 2767 non
384 2740 528 2772 clientelas.
546 2739 607 2766 [huc
620 2739 641 2766 si
657 2744 727 2766 recta
739 2739 840 2772 ratione
854 2745 968 2773 reputes,

184 2794 244 2824 cum
260 2786 368 2814 divitem
381 2786 488 2820 videris,
503 2793 555 2814 non
576 2790 600 2812 tc
619 2785 713 2812 invidia
734 2784 863 2812 mordebit
879 2793 884 2810 :
901 2784 923 2812 si
944 2786 968 2812 in

544 88 572 116 S.
592 87 730 116 JOANNIS
749 84 985 115 CIIRYSOSTOMI
1001 84 1159 113 ARCIIIEP.
1172 85 1437 116 CONSTANTINOP.

1768 92 1823 120 9ἶὶιῖ

1033 146 1213 178 paupertatem
1240 143 1380 178 incideris,
1404 153 1455 172 non
1483 145 1659 181 despondebis
1678 136 1839 182 animmnz"

1031 192 1110 222 atque
1121 187 1187 215 adeo
1202 194 1329 223 perpetuo
1344 189 1432 216 feriari
1450 195 1534 224 potes.
1549 191 1728 219 Christianum
1743 193 1818 220 enini

1031 241 1083 259 non
1100 233 1235 262 mensibus
1247 255 1254 268 ,
1269 242 1321 262 non
1336 236 1488 269 noviluniis,
1503 244 1555 264 non
1570 237 1711 265 dominicis
1724 239 1821 266 diebus

1030 276 1118 304 feriari
1137 281 1261 312 oportet:
1276 279 1322 306 scd
1347 287 1394 314 per
1412 287 1516 308 omnem
1531 282 1610 308 vitam
1632 282 1727 310 festum
1745 284 1818 311 diem

1029 322 1079 350 sibi
1101 323 1327 351 accommodatum
1351 332 1439 359 agere.
1462 327 1496 352 At
1516 327 1575 361 quis
1597 327 1633 354 illi
1657 327 1738 355 festus
1758 329 1820 356 dics

1029 369 1172 396 coavenit?
1192 370 1336 397 Audiamus
1351 371 1460 399 Paulum
1471 372 1600 400 dicentem
1617 382 1623 400 :
1641 374 1731 409 Itaque
1741 376 1821 410 [ιιι-ἱε-

1029 423 1096 450 mur,
1112 424 1162 442 non
1175 416 1201 442 in
1216 419 1336 451 renuente
1348 418 1433 451 veleri,
1448 427 1528 453 neque
1539 420 1565 445 in
1579 420 1699 454 fornicum
1714 422 1819 448 malilitt

1029 465 1052 487 et
1066 461 1258 495 nequiticucd
1278 462 1304 489 in
1321 463 1416 498 azymis
1435 463 1583 492 sinceritatis
1603 471 1626 492 et
1646 467 1754 493 veritatis
1775 467 1816 502 (Ι.

1029 504 1087 532 Cor.
1099 506 1125 532 5.
1141 506 1179 540 8).
1194 506 1221 533 Si
1236 515 1298 542 ergo
1310 516 1401 542 puram
1415 508 1496 536 habes
1506 510 1705 544 conscientiam,
1718 512 1815 539 festum

1028 549 1098 576 diem
1111 558 1172 584 ages
1186 557 1312 585 perpetuo
1322 573 1329 584 ,
1351 552 1418 579 bona
1432 554 1544 581 nutritus
1556 562 1614 589 spe,
1627 561 1653 583 et
1667 556 1815 585 futurorum

1028 593 1156 621 bonorum
1171 596 1289 630 perfusus
1301 598 1492 630 expectatione.
1515 598 1561 626 Sin
1581 600 1668 627 animo
1681 601 1814 634 diffidens,

1027 645 1053 666 et
1065 640 1208 668 sceleribus
1223 642 1312 668 multis
1325 642 1454 670 obnoxius
1472 644 1566 677 fueris,
1581 653 1738 680 quamquam
1751 655 1817 674 seu

1027 690 1111 712 centre
1125 685 1196 714 ferite
1211 691 1238 714 et
1251 687 1418 715 celebritates
1430 689 1493 722 sint,
1509 690 1590 717 nihilo
1605 696 1692 718 tamen
1707 693 1814 725 melius,

1027 739 1106 766 quam
1120 732 1136 759 ii
1149 732 1192 767 qui
1204 733 1294 768 lugent
1307 735 1465 761 constitutus
1484 743 1524 762 es.
1549 736 1613 769 Quae
1634 737 1704 764 enim
1725 739 1816 771 Splen-

1027 777 1095 804 dida:
1117 778 1167 806 diei
1193 779 1291 806 utilitas
1305 787 1363 807 esse
1378 785 1472 814 potest,
1494 782 1516 808 si
1536 782 1599 809 mihi
1614 783 1701 810 anima
1716 784 1813 811 obseu-

1029 828 1087 850 rata
1102 831 1150 858 per
1161 825 1349 852 conscientiam
1364 825 1415 852 sit?
1436 826 1482 853 Sin
1499 826 1610 854 fructum
1626 828 1735 863 aliquem
1752 837 1814 864 pcr-

1027 869 1115 902 cipere
1135 876 1150 896 e
1171 869 1305 898 novilunio
1318 871 1368 902 vis,
1381 870 1431 898 hoc
1443 871 1531 899 facito.
1549 872 1597 900 Ubi
1612 882 1708 900 annum
1723 876 1815 909 exple-

1027 917 1082 940 tutu
1102 914 1210 948 videris,
1232 915 1330 950 gratias
1354 923 1402 951 age
1424 916 1545 950 Domino,
1568 918 1611 952 qui
1637 922 1662 945 te
1685 919 1718 946 ad
1744 920 1815 948 hanc

1026 966 1155 987 annorum
1166 960 1347 989 circuitionem
1359 961 1489 996 perduxit.
1504 963 1656 998 Couipauge
1668 973 1714 991 cor
1728 970 1812 998 tuum,

1027 1004 1085 1032 vita:
1099 1009 1150 1031 tua:
1165 1008 1268 1040 tempus
1288 1011 1374 1033 tecum
1397 1011 1497 1041 reputa,
1514 1013 1600 1035 tecum
1619 1009 1652 1036 ad
1672 1010 1741 1037 hunc
1754 1019 1813 1037 lll0-

1025 1049 1088 1076 dum
1103 1050 1180 1078 verba
1196 1050 1274 1078 facito
1291 1061 1298 1078 :
1316 1052 1372 1081 dies
1392 1053 1496 1080 avolant
1520 1058 1546 1080 et
1568 1059 1736 1089 prmtcreunt,
1749 1057 1813 1083 anni

1026 1095 1172 1124 finiuntur:
1187 1103 1307 1131 magnam
1328 1097 1376 1127 via:
1395 1103 1491 1125 nostra:
1512 1104 1613 1133 partem
1629 1100 1811 1129 confecimus:

1025 1140 1087 1175 quid
1097 1141 1156 1167 boni
1167 1149 1182 1168 a
1194 1142 1269 1168 nobis
1280 1141 1375 1173 factum
1387 1144 1445 1171 est?
1458 1144 1525 1175 Num
1540 1145 1632 1173 inanes
1642 1146 1712 1180 hinc,
1726 1149 1814 1175 eruni-

1025 1193 1076 1221 que
1094 1186 1196 1222 justitia
1215 1187 1332 1218 destituti
1353 1189 1538 1221 discedemus?
1557 1191 1688 1219 Judicium
1704 1194 1747 1220 Dei
1765 1202 1815 1228 pro

1025 1231 1124 1262 foribus
1141 1237 1193 1266 est,
1213 1238 1239 1260 et
1256 1234 1383 1269 reliquum
1405 1235 1463 1262 vine
1485 1241 1588 1271 tempus
1602 1237 1635 1264 ad
1649 1244 1815 1266 senectutem

1024 1278 1106 1312 vergi.

1059 1323 1077 1349 3
1097 1323 1158 1351 [hcc
1168 1323 1193 1350 in
1203 1324 1345 1352 noviluniis
1355 1326 1482 1354 meditare
1491 1336 1496 1353 :
1505 1326 1560 1354 lucc
1568 1327 1601 1355 de
1608 1336 1735 1356 annorum
1748 1338 1814 1357 con-

1024 1368 1191 1396 versionibus
1205 1371 1311 1398 revolvo
1326 1380 1333 1397 :
1350 1371 1443 1398 futura-
1467 1373 1518 1399 diei
1543 1379 1668 1408 perpetuo
1687 1377 1803 1407 recorde-

1024 1422 1094 1448 mur,
1110 1423 1142 1441 ne
1154 1415 1293 1443 adversum
1307 1425 1354 1443 nos
1370 1417 1492 1454 loquatur
1506 1419 1566 1453 quis
1580 1419 1655 1451 illud,
1671 1421 1741 1455 quod
1763 1422 1811 1448 ad-

1024 1467 1116 1490 versus
1127 1459 1232 1493 Juda‘os
1247 1468 1261 1487 τι
1274 1462 1400 1496 propheta
1420 1462 1518 1495 dictum
1539 1468 1580 1490 est
1596 1473 1602 1492 :
1618 1463 1770 1499 Defecerth
1786 1468 1813 1494 in

1024 1505 1132 1535 vanitate
1153 1505 1206 1537 dies
1228 1515 1322 1540 eorum,
1342 1512 1364 1534 et
1387 1509 1447 1534 anui
1467 1517 1552 1535 eorum
1575 1518 1631 1537 cum
1655 1511 1816 1546 festinatione

1025 1549 1034 1586 (
1047 1549 1115 1577 Prat.
1131 1550 1173 1577 77.
1189 1551 1223 1584 3})
1233 1552 1254 1586 ),
1278 1550 1329 1578 llas
1342 1559 1404 1587 ergo
1418 1552 1496 1585 ferias
1509 1559 1647 1588 perpetuas
1660 1561 1686 1582 et
1699 1557 1814 1584 ambitus

1024 1602 1151 1623 annorum
1160 1603 1210 1623 non
1220 1602 1412 1631 exspectantes,
1422 1607 1507 1633 neque
1517 1600 1618 1627 dierum
1628 1602 1815 1634 pertneusione

1024 1641 1169 1675 descriptas
1181 1647 1234 1670 tum
1245 1643 1318 1677 dives
1331 1649 1384 1672 tum
1396 1652 1495 1678 pauper
1505 1653 1535 1672 ex
1546 1654 1621 1680 a‘quo
1632 1652 1812 1682 potestagcrc.

1024 1687 1080 1714 Non
1090 1688 1159 1714 enitn
1167 1688 1208 1714 hic
1217 1689 1343 1722 pecuniis,
1352 1697 1436 1724 neque
1445 1699 1531 1718 rerum
1541 1691 1674 1721 affluentia
1684 1701 1750 1728 opus
1760 1699 1812 1727 est,

1024 1734 1070 1760 sed
1082 1734 1176 1761 virtute
1186 1735 1252 1762 Sola.
1264 1735 1319 1764 Non
1333 1735 1412 1763 habes
1428 1738 1568 1771 pecunias?
1582 1739 1616 1765 At
1629 1739 1673 1766 Dei
1690 1741 1814 1770 timorem

1025 1779 1233 1807 babesomnibus
1241 1781 1359 1815 pecuniis
1372 1782 1519 1811 uberiorem
1534 1783 1694 1817 thesaurum,
1706 1786 1749 1820 qui
1764 1793 1813 1813 nc-

1024 1834 1075 1860 que
1082 1826 1255 1857 consumitur,
1264 1835 1349 1862 neque
1360 1827 1551 1862 intervertitur,
1564 1837 1648 1864 neque
1658 1831 1816 1858 exhauritur.

1025 1879 1159 1906 umquam.
1172 1871 1306 1900 Intuerein
1315 1874 1456 1905 cmlum,ct
1469 1874 1494 1900 in
1509 1875 1602 1902 caelum
1618 1876 1685 1907 etc-li,
1702 1881 1811 1908 terram,

1025 1925 1108 1950 mare,
1125 1925 1232 1951 acrem,
1254 1918 1279 1944 in
1301 1927 1398 1953 genera
1419 1919 1602 1954 animantium,
1614 1929 1645 1948 ac
1656 1922 1812 1949 varietatem

1025 1963 1157 1997 stirpium,
1169 1963 1195 1990 in
1207 1968 1327 1991 naturam
1342 1964 1477 1991 hominum
1492 1966 1651 1993 universam.
1667 1967 1814 1995 Considera

1025 2009 1142 2043 angelos,
1159 2009 1343 2044 archangelos,
1357 2010 1507 2044 superiores
1520 2016 1663 2045 potestates
1675 2020 1768 2040 revoca
1785 2014 1814 2040 iu

1026 2056 1179 2083 memoriam
1192 2076 1200 2089 ,
1221 2056 1277 2082 hmc
1296 2057 1382 2082 omnia
1399 2056 1424 2083 in
1441 2057 1544 2084 Domini
1565 2058 1600 2084 lui
1621 2063 1683 2084 sunt
1701 2058 1811 2086 ditioue.

1026 2100 1100 2128 llaud
1121 2101 1176 2128 fieri
1197 2105 1293 2136 potest,
1307 2106 1335 2128 ut
1348 2102 1448 2129 domini
1464 2108 1515 2129 tam
1530 2103 1678 2138 locupletis,
1693 2111 1809 2138 prmscrv

1026 2146 1071 2173 tim
1084 2147 1106 2174 si
1121 2147 1262 2181 propitium
1281 2147 1376 2175 habeat
1395 2148 1545 2181 Dominum,
1562 2157 1660 2183 pauper
1672 2151 1812 2185 quisquam

1025 2200 1117 2219 servus
1137 2193 1181 2220 sit.
1205 2193 1265 2220 Dies
1282 2193 1424 2221 observare
1447 2202 1498 2221 non
1520 2194 1677 2222 Christiana:
1691 2196 1811 2231 philoso-

1026 2238 1104 2272 phias,
1120 2237 1167 2264 Sed
1181 2238 1265 2265 Graeci
1285 2239 1384 2266 erroris
1401 2244 1454 2266 est.
1476 2239 1503 2266 In
1525 2241 1657 2268 caelestem
1676 2241 1812 2270 civitatem

1025 2284 1172 2318 adscriptas
1183 2292 1222 2317 es,
1236 2285 1261 2311 in
1272 2285 1458 2320 rempublicam
1474 2294 1531 2312 eam
1547 2291 1668 2321 receptus
1679 2294 1719 2320 es,
1731 2295 1814 2322 ange-

1026 2330 1058 2357 lis
1073 2330 1184 2363 teipsnm
1198 2331 1359 2357 admiscuiin
1376 2341 1382 2358 :
1397 2332 1440 2358 ubi
1459 2340 1511 2358 non
1535 2337 1575 2359 est
1597 2332 1683 2360 lumen
1698 2334 1768 2368 quod
1785 2335 1813 2361 in

1026 2376 1140 2402 tenebris
1152 2375 1264 2407 desinat,
1278 2383 1362 2410 neque
1375 2376 1431 2403 dies
1443 2384 1501 2412 quae
1520 2377 1544 2404 in
1562 2382 1665 2404 nectent
1684 2379 1813 2406 termine-

1026 2425 1077 2453 tur,
1092 2421 1138 2448 sed
1153 2427 1277 2456 perpetua
1296 2421 1368 2453 dies,
1390 2427 1417 2449 ct
1437 2428 1561 2457 perpetua
1577 2423 1629 2450 lux.
1647 2424 1674 2450 In
1690 2424 1733 2451 illa
1747 2432 1814 2459 ergo

1025 2474 1130 2500 semper
1151 2467 1308 2493 intueamur.
1336 2467 1398 2499 Qua:
1417 2476 1516 2494 sursum
1537 2474 1612 2500 sinu,
1642 2469 1726 2503 inquit
1755 2470 1813 2503 ille,

1025 2512 1136 2546 qucrile,
1148 2511 1189 2539 ubi
1200 2511 1313 2540 Christus
1323 2513 1357 2538 ad
1369 2513 1495 2539 dexteram
1507 2513 1556 2540 Dei
1570 2515 1636 2541 sedet
1648 2513 1715 2550 (Col.
1728 2515 1755 2542 5.
1773 2516 1812 2550 1).

1024 2556 1093 2584 Nihil
1113 2556 1194 2584 babes
1208 2565 1348 2584 commune
1362 2565 1421 2585 cum
1438 2564 1506 2585 terra
1516 2579 1524 2591 ,
1545 2559 1587 2586 ubi
1601 2559 1664 2586 soils
1678 2567 1773 2587 cursus
1785 2566 1815 2588 et

1025 2603 1222 2634 conversiones,
1234 2607 1261 2629 ct
1272 2603 1329 2631 dies
1341 2608 1412 2636 sunt,
1425 2604 1472 2631 sed
1487 2604 1508 2631 si
1524 2609 1595 2632 recte
1604 2605 1687 2638 vivas,
1699 2613 1750 2632 nov
1765 2606 1812 2633 tibi

1024 2647 1081 2674 dies
1093 2648 1143 2674 erit
1158 2656 1165 2673 :
1180 2653 1271 2676 contra
1285 2656 1346 2677 vero
1362 2649 1412 2675 illis
1426 2649 1471 2683 qni
1486 2649 1511 2676 in
1527 2649 1631 2677 lascivia
1645 2655 1671 2677 et
1683 2651 1814 2679 ebrietate

1025 2697 1051 2719 ct
1073 2693 1273 2726 intemperantia
1286 2693 1386 2726 vivunt,
1408 2693 1465 2721 dies
1485 2695 1518 2721 ad
1543 2696 1627 2722 noctis
1649 2697 1812 2724 convertitur

1026 2738 1163 2775 tenebras,
1184 2746 1236 2764 non
1255 2738 1360 2776 quidem
1375 2739 1522 2767 defectione
1540 2741 1613 2773 solis,
1629 2741 1675 2768 Sed
1695 2742 1811 2775 illorum,

1026 2790 1132 2820 propter
1153 2785 1325 2819 ebrietatem,
1347 2784 1531 2814 obscuratione
1546 2787 1650 2814 mentis.
1675 2787 1734 2815 Dies
1747 2796 1811 2823 ergo
