2045 3116
164 157 216 185 957

161 212 229 241 tales
242 213 268 240 in
280 212 453 242 admiratione
463 214 571 248 habere,
582 219 609 242 et
619 215 745 250 majorem
758 223 789 243 ex
804 215 855 243 illis
869 216 944 244 volu-

162 264 260 294 ptatem
282 266 392 293 capere.
409 264 435 287 et
448 260 568 288 lucernas
580 261 606 287 in
621 260 679 288 loro
690 261 845 294 accendere,
859 266 885 289 et
899 269 945 289 co-

161 312 241 332 rouas
261 305 387 340 plectere,
409 306 518 340 puerilis
541 306 678 341 cujusdam
699 307 820 334 amentim
840 311 889 334 est.
904 307 946 335 Ab

161 350 212 377 hac
220 350 273 385 jam
286 351 461 378 imbecillitate
475 351 599 379 liberatus
609 359 648 382 es.
658 357 684 379 et
695 352 720 379 in
733 352 817 379 virum
827 352 943 385 evasisti,

160 400 187 421 et
202 396 227 422 in
242 396 372 424 catlestem
385 396 532 432 adscriptas
545 405 574 426 es
589 398 775 433 rempublicam
788 418 795 431 ,
811 406 863 425 non
882 405 946 433 ergo

161 441 186 467 in
208 441 266 468 foro
279 441 409 469 acccndas
427 442 514 469 lumen
536 443 678 474 sensibile.
691 443 738 470 sed
752 443 777 470 in
792 443 882 470 animo
899 450 944 470 ac-

160 486 244 512 cendc
256 486 344 513 lumen
358 487 502 521 Spiritnale.
518 487 610 514 Lureat
619 488 694 520 enim,
707 487 799 522 inquit,
810 487 855 515 luo:
865 493 946 515 vestra

159 540 245 558 eorum
258 532 408 564 hominibus,
425 538 451 560 ut
466 533 565 560 videant
577 533 642 560 bona
655 542 731 569 opera
742 540 824 561 vestra
833 555 840 567 ,
851 540 876 561 et
887 534 945 570 glo-

159 578 199 604 ria
218 578 332 612 afﬁciant
344 576 446 606 Putrem
459 584 565 606 vestrum
578 580 699 607 mlestem
716 579 825 616 (Matth.
841 579 866 607 5.
882 580 943 616 i6).

160 621 222 649 Haec
237 622 281 650 lux
293 623 402 651 multam
416 624 494 652 atl'ert
504 625 549 652 tibi
560 627 812 659 compensationem.
827 625 884 653 Noli
897 625 946 653 do‘

160 675 220 695 mus
234 673 284 695 tum
299 669 368 696 tores
380 670 459 697 sertis
470 677 599 697 coronare
610 671 630 702 ¹,
643 669 690 698 sed
704 671 780 698 talem
793 671 852 698 vita:
864 671 944 698 ratio-

160 720 221 739 nem
234 713 346 747 exhibe,
362 718 390 741 ut
407 714 517 749 justitia!
533 723 657 743 coronam
672 715 750 750 capiti
765 716 913 751 impositam
928 723 943 743 ι

158 759 256 787 Clu-isti
268 767 346 787 manu
356 761 479 795 accipias.
491 761 561 788 Nihil
571 766 680 795 temere,
691 761 755 788 nihil
765 761 944 796 imprudenter

160 805 205 831 tiat
219 813 226 831 ι
243 805 277 832 ita
290 806 360 833 enim
372 806 468 833 Paulus
480 807 614 842 praecepit,
629 808 718 835 omnia
732 807 758 834 in
771 807 883 842 gloriam
897 807 943 834 Dci

160 855 187 878 ut
201 850 349 879 faceremus
363 861 370 879 :
384 852 444 880 Sive
452 854 527 885 enim,
540 853 632 888 inquit,
642 853 721 887 editis,
736 854 787 880 sive
797 853 889 886 bibitis,
900 861 943 880 seu

158 897 219 930 quid
231 896 324 932 facitis,
339 898 423 925 omnia
436 899 470 925 ad
482 899 588 934 gloriam
599 898 647 925 Dei
656 899 755 934 faciatis
773 898 810 935 (i.
825 898 883 926 Cor.
898 898 941 926 10.

158 941 213 977 51).
229 943 263 970 At
274 944 416 976 quomodo,
428 944 540 979 inquies,
551 944 631 972 edere
644 949 669 971 et
682 944 771 971 bibcre
785 944 818 971 ad
831 944 941 979 gloriam

159 986 205 1013 Dei
220 988 375 1021 possumus?
388 989 502 1016 Accerse
515 996 666 1023 pauperem,
677 988 829 1024 participem
843 996 942 1016 mensa:

159 1037 211 1058 tua:
224 1031 305 1060 facias
317 1033 449 1060 Christum
459 1055 466 1066 ,
485 1038 512 1061 et
524 1034 555 1060 ad
570 1033 680 1069 gloriam
696 1034 740 1061 Dei
753 1034 840 1067 edisti,
855 1042 886 1061 ac
900 1033 941 1061 bi-

159 1077 229 1103 bisti.
246 1078 280 1104 At
290 1085 342 1105 non
354 1078 403 1106 hoc
412 1080 496 1106 solum
509 1079 632 1114 prmeepit
641 1079 674 1106 ad
685 1079 796 1114 gloriam
811 1079 856 1106 Dei
872 1078 940 1112 ﬁeri,

156 1121 204 1148 Sed
217 1126 243 1149 et
257 1122 356 1158 reliqua
370 1124 468 1156 omnia,
483 1129 510 1150 ut
523 1124 548 1150 in
563 1123 647 1151 forum
661 1124 714 1156 ire,
730 1124 800 1151 domi
813 1132 842 1152 se
853 1124 940 1151 conti-

157 1173 221 1193 nere
235 1176 241 1193 τ
258 1166 314 1195 Ιιωε
330 1173 438 1203 utraque
449 1174 555 1204 propter
568 1169 649 1196 Deum
663 1169 737 1196 (lant.
761 1170 795 1196 At
808 1169 941 1204 quomodo

157 1215 267 1246 utraque
280 1211 329 1239 ista
342 1213 405 1239 lient
417 1218 525 1247 propter
539 1213 640 1240 Deum?
660 1213 770 1248 Quando
792 1213 825 1241 ad
847 1214 939 1241 Eccle-

156 1255 222 1282 siam
238 1257 341 1284 accedis
352 1278 360 1290 ,
380 1258 486 1292 quando
505 1259 672 1293 precationis,
691 1259 795 1294 quando
813 1259 940 1287 doctrinm

156 1301 299 1334 spiritualis
321 1303 451 1338 particeps
469 1311 508 1336 es,
531 1304 587 1332 lucc
611 1305 759 1340 progressio
779 1304 811 1332 ad
830 1305 940 1340 gloriam

158 1346 203 1374 Dci
224 1351 274 1375 est.
300 1348 400 1375 Rursus
413 1349 483 1376 domi
498 1351 576 1378 etiam
591 1350 650 1378 licet
665 1356 771 1386 propter
784 1351 866 1379 Deum
882 1360 939 1379 ma-

157 1399 230 1418 nere.
245 1392 401 1426 Quomodo?
413 1399 458 1421 aut
472 1402 521 1429 qua
536 1395 658 1423 ratione?
680 1395 728 1424 Ubi
748 1396 880 1425 audiveris
897 1401 940 1424 tu-

157 1436 255 1464 multus
268 1437 448 1471 immodestos,
465 1447 572 1474 pompas
586 1440 730 1468 diabolicas
742 1462 750 1474 ,
766 1442 843 1469 malis
862 1446 941 1477 atque

156 1481 390 1516 intcmpcrantibus
404 1484 552 1512 hominibus
565 1485 650 1513 forum
665 1486 769 1521 plenum
785 1495 855 1520 esse,
868 1487 939 1514 domi

156 1532 272 1559 maneto,
286 1531 313 1554 et
325 1535 340 1554 a
354 1529 428 1555 turba
445 1529 487 1556 tali
500 1529 637 1562 discedite,
659 1535 686 1558 et
706 1531 739 1558 ad
761 1531 870 1566 gloriam
895 1533 939 1560 Dei

157 1572 203 1600 tibi
217 1573 348 1601 mansisti.
371 1574 597 1610 Quemadmodum
619 1577 689 1603 enim
710 1581 765 1604 tum
785 1577 856 1604 domi
880 1585 941 1612 per-

156 1619 269 1653 mansio,
283 1624 336 1646 tum
350 1621 466 1655 egressio
477 1621 557 1654 foras,
573 1622 610 1649 sic
626 1627 680 1649 tum
695 1623 760 1655 laus,
777 1628 832 1650 tum
843 1624 941 1659 vitupe-

156 1665 223 1691 ratio
238 1672 341 1700 quoque
351 1665 384 1693 ad
398 1666 444 1694 Dei
456 1667 565 1701 gloriam
579 1675 637 1694 esse
650 1672 745 1702 potest.

193 1709 324 1742 Quomodo
343 1719 476 1745 possumus
498 1717 521 1739 et
540 1713 643 1740 (undare
655 1718 677 1740 et
691 1714 830 1749 vituperare
839 1715 873 1741 ad
884 1715 941 1750 glo-

155 1757 220 1784 riam
243 1757 345 1785 Dei.—
360 1759 496 1793 Quomodo
516 1765 604 1787 autem
627 1760 660 1787 ad
683 1761 792 1795 gloriam
812 1761 859 1788 Dei
880 1761 941 1789 licet

155 1802 271 1836 aliquem
286 1802 394 1831 laudare
411 1811 442 1830 ac
455 1804 623 1838 vituperare?
647 1804 751 1833 Sedetis
763 1813 832 1840 srepe
846 1806 871 1832 in
884 1806 942 1832 otti-

156 1848 240 1882 cinis,
255 1849 350 1876 videtis
363 1851 499 1884 pra‘terire
516 1850 636 1877 homines
650 1851 732 1878 malos
750 1856 828 1886 atque
841 1852 941 1886 impro-

157 1894 214 1928 bos,
229 1896 368 1930 supercilia
382 1897 577 1929 contrahentes,
589 1897 703 1929 inﬂatos,
716 1898 759 1932 qui
776 1898 871 1924 multos
883 1901 942 1932 post

157 1949 186 1968 se
199 1942 327 1976 parasitos
349 1945 377 1968 et
398 1942 548 1970 adulatores
570 1943 677 1974 ducunt,
693 1943 736 1977 qui
751 1943 878 1977 pretiosas
893 1942 941 1970 ha-

157 1985 219 2013 bent
230 1990 328 2019 vestes,
343 1991 370 2014 et
385 1988 466 2014 multo
479 1987 547 2014 fastu
562 1988 730 2019 amiciuntur,
743 1988 886 2014 alienarum
900 1995 943 2015 re-

157 2039 214 2058 rum
228 2031 386 2065 direptores,
402 2036 480 2066 atque
491 2039 594 2058 avaros.
618 2032 666 2058 Hic
684 2032 705 2058 si
725 2039 882 2067 quemquam
895 2039 942 2059 au-

157 2076 256 2103 diveris
277 2076 428 2103 dicentem:
443 2084 529 2104 annon
549 2077 706 2111 praestabilis
728 2077 771 2103 hic
790 2077 839 2109 vir,
853 2084 941 2104 annon

158 2121 267 2148 beatus?
281 2121 397 2156 increpa,
407 2121 544 2156 redarguo,
556 2129 586 2148 os
600 2121 718 2154 obstrue,
731 2122 941 2154 commiserator,

157 2167 302 2203 lacrymare
316 2175 324 2194 :
341 2168 390 2194 hoc
404 2173 443 2194 cst
457 2168 488 2194 ad
502 2167 612 2201 gloriam
628 2167 673 2194 Dei
690 2167 849 2202 vituperare.
867 2167 942 2194 Vitu-

157 2213 259 2247 peratio
280 2212 349 2239 enim
369 2212 427 2240 talis
445 2212 553 2247 reliquis
575 2211 748 2246 prmsentibus
766 2211 799 2238 ad
824 2211 941 2246 philoso-

158 2257 244 2292 phiam
258 2262 284 2285 et
297 2257 418 2284 virtutem
431 2257 566 2284 instructio
581 2262 636 2289 est,
648 2261 677 2284 ut
697 2257 723 2284 in
741 2265 784 2285 res
800 2257 832 2284 ad
845 2258 942 2284 victum

157 2308 305 2337 spectantes
321 2303 406 2330 minus
419 2302 520 2330 inhient
540 2302 635 2336 Quaere
648 2303 681 2329 ab
694 2303 739 2330 illo
749 2303 792 2338 qui
803 2302 846 2330 illa
857 2303 923 2330 dixit
935 2311 942 2329 :

157 2355 205 2375 cur
213 2349 303 2376 beatus
313 2349 354 2376 hic
364 2349 420 2376 est?
428 2348 494 2376 Num
502 2348 563 2384 quia
571 2348 750 2376 admirabilem
759 2348 838 2376 habet
846 2356 942 2384 equum

158 2398 185 2420 et
199 2402 278 2421 aureo
289 2394 362 2422 I'reuo
375 2394 550 2421 exornatum?
563 2399 608 2421 aut
621 2394 680 2428 quia
695 2401 819 2429 mzagnum
834 2394 946 2422 famula.

159 2439 231 2465 tum?
248 2443 293 2466 aut
312 2440 372 2474 quia
392 2440 543 2474 pra-claram
560 2440 638 2466 habet
651 2444 763 2471 vestem,
778 2445 804 2467 et
817 2439 944 2468 ebrietate

159 2483 311 2519 deliciisque
330 2486 446 2520 quotidie
464 2486 595 2513 solvitur?
616 2485 668 2513 Sed
689 2486 749 2513 inde
770 2487 851 2514 miser
864 2492 944 2522 atque

160 2529 249 2557 infelix
262 2535 313 2563 est,
328 2536 354 2557 et
372 2532 461 2558 multis
483 2531 606 2568 Iacrymis
629 2532 838 2566 prosequendos.
861 2533 945 2561 Video

159 2581 232 2604 certe
245 2584 291 2603 vos
305 2577 401 2604 nullam
415 2577 484 2604 illius
497 2582 597 2613 partem
612 2578 721 2605 laudare
737 2586 824 2612 posse,
836 2579 883 2607 sed
897 2587 945 2606 ex-

161 2629 248 2652 ternas
262 2633 306 2652 I'CS
317 2633 420 2659 omnes,
430 2634 536 2661 equum,
549 2627 660 2659 frenum,
674 2635 770 2660 \‘CSICS,
782 2635 840 2662 qua:
856 2625 943 2653 otnnia

161 2672 230 2699 nulla
248 2672 317 2699 illius
331 2679 392 2706 pars
405 2672 527 2700 existunt.
544 2673 589 2700 Dic
603 2682 675 2709 ergo,
692 2674 754 2709 quid
770 2673 877 2700 omnino
896 2672 945 2699 nii—

191 2801 199 2816 ¹
220 2801 257 2825 sic
267 2804 318 2825 Sav.
331 2803 355 2825 et
364 2800 412 2824 duo
424 2803 488 2825 Mss:
498 2800 543 2825 Sed
553 2800 613 2825 hunc
626 2800 678 2825 t-ilm
687 2800 801 2825 rationem
813 2799 907 2826 habeas.
917 2802 944 2824 nt

158 2830 200 2854 tibi
216 2837 282 2856 rure
299 2831 328 2856 sit
347 2830 457 2862 accipere
476 2831 704 2862 roronnutjustitia',
716 2831 746 2856 de
766 2837 836 2856 manu
847 2829 944 2859 t‘hristi,

161 2868 231 2892 super
244 2866 314 2894 cusz
326 2866 392 2887 tuum
404 2868 412 2888 :
424 2861 484 2887 nilu't
496 2866 591 2893 tcmcre,
605 2866 651 2886 etc.

857 160 890 188 IN
903 160 1094 190 KALENDAS.

999 217 1084 245 serius
1097 223 1157 244 esse
1171 220 1267 252 potest,
1280 224 1357 253 quam
1372 221 1400 244 ut
1413 224 1496 252 equus
1508 222 1535 246 et
1547 217 1609 252 equi
1623 217 1738 251 frenum,
1753 223 1779 246 et

997 262 1110 290 vestium
1123 262 1248 297 splendor
1259 270 1289 290 ac
1301 263 1457 290 famulorum
1472 264 1539 291 bona
1551 265 1669 299 corporis
1681 264 1777 292 consti-

998 307 1064 335 tutio
1084 307 1216 340 laudetur,
1232 308 1288 343 ipse
1301 308 1440 336 illaudatus
1460 316 1568 344 prorsus
1592 309 1781 343 pratereatur?

997 352 1066 384 Quid
1085 359 1119 380 eo
1141 352 1246 380 homine
1265 353 1423 388 pauperius,
1440 354 1556 387 quicum
1572 354 1671 381 nullum
1686 353 1781 381 habent

997 396 1094 424 bonum
1110 398 1254 432 proprium,
1270 398 1311 425 vel
1323 397 1393 432 quod
1405 398 1466 425 hinc
1480 398 1563 432 possit
1576 399 1696 431 auferre,
1715 398 1779 426 alie-

997 442 1039 469 nis
1050 441 1135 469 solum
1148 442 1228 470 rebus
1238 443 1398 470 exornetur?
1412 442 1549 478 Proprium
1559 443 1630 470 enim
1641 451 1781 470 ornamen-

997 492 1052 514 tum
1063 487 1211 522 divitizeque
1225 493 1322 515 nostra:
1339 492 1410 520 sunt,
1426 495 1478 514 non
1498 487 1597 519 famuli,
1614 495 1666 514 non
1681 493 1780 520 vestes,

996 540 1050 560 non
1073 533 1144 567 equi.
1165 532 1212 560 sed
1234 533 1315 560 animi
1335 533 1427 565 virtus,
1449 532 1496 560 sed
1519 533 1647 560 bonorum
1670 540 1781 567 operum

996 578 1165 611 abundantia,
1182 578 1228 606 sed
1244 578 1337 606 ﬁducia
1352 579 1376 606 in
1391 579 1482 606 Deum.

1030 624 1057 651 4.
1074 623 1173 651 Rursus
1188 631 1248 651 cmn
1263 624 1360 651 videris
1374 631 1517 658 pauperem
1530 623 1677 658 abjcctum,
1698 631 1773 658 spre-

996 673 1062 700 tum,
1077 677 1137 696 cum
1152 670 1259 704 penuria
1269 675 1296 696 et
1311 670 1406 697 virtute
1416 671 1495 697 vitam
1509 670 1708 704 transigentcm,
1724 675 1750 696 et
1763 677 1777 695 a

995 715 1139 748 Sodalibus,
1154 715 1198 750 qui
1214 719 1300 743 tecum
1315 720 1386 748 sunt,
1400 716 1524 743 miserum
1534 716 1660 747 habitum,
1673 715 1780 742 laudato

995 760 1085 788 illum:
1100 759 1156 787 lucc
1169 761 1352 794 prmtereuntis
1364 760 1434 794 laus,
1449 760 1579 787 institutio
1591 766 1631 787 est
1645 764 1671 787 et
1683 760 1777 787 adhor-

995 806 1059 833 tatio
1081 805 1114 833 ad
1137 806 1232 833 bonam
1243 810 1269 833 et
1283 805 1419 833 honestam
1433 806 1512 832 vitam
1524 805 1728 840 transigendam.
1749 805 1776 832 Si

994 851 1126 884 dixerint,
1142 858 1307 878 mrumnosus
1324 856 1351 878 et
1365 851 1445 878 miser
1467 855 1524 878 est:
1548 855 1575 877 tu
1600 854 1690 877 contra
1706 850 1777 876 illum

994 897 1112 924 omnium
1126 895 1306 923 beatissimum
1319 895 1431 930 praedica
1443 916 1451 928 ,
1462 895 1506 930 qui
1520 895 1602 922 Deum
1617 895 1696 922 habet
1710 895 1778 922 ami-

994 950 1054 970 cum
1071 962 1079 975 ,
1101 942 1147 976 qui
1174 942 1262 968 virtuti
1285 941 1412 968 incumbit
1424 962 1432 973 ,
1455 941 1499 976 qui
1515 941 1618 968 divitias
1634 948 1684 967 non
1695 940 1778 968 ﬂuxas

993 987 1127 1023 possidet,
1143 988 1186 1022 qui
1202 987 1389 1015 conscientiam
1405 986 1482 1013 habet
1493 994 1595 1021 puram.
1618 985 1685 1019 Quid
1706 986 1777 1013 enim

994 1033 1032 1060 illi
1053 1032 1215 1059 incommodi
1231 1038 1271 1059 est
1284 1053 1290 1064 ,
1313 1032 1335 1059 si
1350 1032 1469 1067 pecuniis
1482 1031 1594 1058 terrenis
1608 1035 1702 1066 egeat,
1717 1038 1776 1057 cum

993 1078 1051 1105 ινα*ιί
1073 1083 1099 1106 et
1120 1078 1263 1105 emlestium
1279 1077 1452 1105 hereditatem
1477 1077 1596 1104 aditurus
1618 1077 1674 1104 sit?
1695 1077 1722 1103 Si
1749 1081 1777 1103 tu

992 1131 1053 1151 cum
1064 1124 1115 1151 illis
1128 1124 1166 1151 sic
1179 1123 1363 1158 disputaveris,
1373 1127 1399 1150 et
1414 1123 1473 1150 illos
1483 1128 1561 1158 atque
1573 1122 1640 1149 alios
1654 1122 1776 1149 institue-

993 1170 1030 1197 ris
1041 1190 1048 1200 ,
1062 1177 1182 1205 magnam
1190 1169 1302 1204 recipies
1309 1173 1362 1196 tum
1371 1169 1571 1204 vituperationis
1580 1173 1633 1195 tum
1646 1168 1777 1196 laudatio-

992 1214 1033 1242 nis
1044 1219 1095 1242 tute
1109 1214 1270 1248 mercedem,
1281 1222 1341 1242 cum
1351 1218 1462 1249 utraque
1471 1213 1502 1240 ad
1509 1213 1618 1248 gloniam
1627 1213 1672 1240 Dei
1687 1213 1775 1241 facias.

991 1260 1067 1295 Quod
1079 1266 1166 1288 autem
1180 1268 1345 1296 nequaquam
1361 1259 1581 1287 temercanimum
1591 1259 1710 1286 tnumhis
1717 1267 1778 1285 ver-

991 1307 1032 1334 bis
1046 1306 1209 1342 pellexerim,
1221 1306 1267 1333 scd
1276 1305 1345 1342 quod
1356 1313 1402 1341 per
1410 1313 1501 1340 magna
1511 1305 1630 1340 quaedam
1639 1305 1680 1337 iis,
1690 1305 1732 1340 qui
1742 1305 1778 1331 ita

991 1351 1080 1378 animo
1094 1351 1226 1379 constituti
1241 1356 1335 1384 sunt,a
1351 1351 1403 1378 Deo
1413 1349 1592 1384 compensatio
1607 1349 1691 1376 futura
1699 1349 1743 1382 sit,
1754 1353 1780 1374 et

992 1399 1018 1426 in
1029 1406 1132 1427 summa
1140 1399 1189 1426 hoc
1200 1399 1294 1426 virtute
1309 1398 1443 1429 habeatur,
1451 1397 1485 1424 ita
1498 1396 1532 1424 de
1543 1397 1592 1424 illis
1602 1395 1689 1431 quisic
1700 1395 1779 1422 vitam

992 1444 1087 1480 degunt
1096 1448 1221 1471 statuere:
1231 1443 1289 1470 audi
1297 1443 1357 1478 quid
1368 1442 1493 1477 propheta
1501 1441 1640 1474 dicat,etin
1649 1447 1700 1475 quo
1708 1443 1780 1467 recte

994 1490 1122 1517 factorum
1138 1496 1248 1516 numero
1267 1492 1358 1523 ponat,
1374 1493 1428 1514 tum
1449 1487 1531 1513 malos
1542 1485 1662 1512 homines
1676 1492 1722 1519 pro
1736 1483 1778 1510 ni-

994 1535 1048 1563 hilo
1059 1535 1166 1566 habere,
1181 1539 1236 1560 tum
1249 1534 1371 1560 timentes
1386 1532 1466 1559 Deum
1477 1531 1558 1566 gloria
1572 1530 1686 1557 afllcere.
1701 1529 1777 1556 Post-

994 1588 1072 1616 quam
1097 1580 1167 1606 enim
1188 1579 1301 1613 reliquas
1316 1578 1427 1605 virtutes
1450 1579 1682 1604 commemorasset
1698 1574 1778 1606 illius,

994 1626 1039 1660 qui
1054 1633 1069 1652 a
1085 1625 1139 1652 Deo
1155 1623 1324 1651 honorandus
1336 1628 1424 1656 esset,
1439 1627 1466 1650 et
1481 1621 1590 1649 dixisset
1602 1621 1706 1656 qualem
1719 1627 1779 1647 esse

995 1672 1069 1699 illum
1083 1674 1226 1705 oporteret,
1241 1669 1320 1704 quiin
1334 1673 1425 1696 sancto
1440 1667 1509 1694 illius
1522 1665 1691 1693 tabernaculo
1703 1665 1778 1692 habi-

996 1723 1098 1745 taturus
1109 1721 1191 1748 essel,
1204 1716 1253 1742 hoc
1262 1719 1313 1747 est,
1327 1714 1488 1748 inculpatum
1498 1734 1506 1746 ,
1521 1718 1548 1740 et
1559 1713 1689 1739 colentem
1698 1710 1777 1746 justi-

996 1762 1069 1793 tiam,
1085 1766 1112 1789 et
1125 1769 1139 1787 a
1155 1760 1268 1795 nequitia
1285 1767 1407 1792 vacuum,
1420 1759 1498 1786 etiam
1513 1756 1695 1790 hoc-subjecit:
1715 1763 1776 1782 cum

994 1807 1115 1839 dixisset,
1129 1807 1177 1840 Qui
1189 1815 1239 1833 non
1250 1806 1352 1832 dolatus
1367 1805 1413 1839 fuit
1425 1805 1510 1838 lingua
1521 1812 1578 1835 sua,
1594 1811 1637 1829 nec
1650 1802 1707 1838 fecit
1719 1810 1779 1836 pro-

994 1853 1062 1880 :n'mo
1077 1861 1121 1880 suo
1135 1851 1228 1878 malum
1238 1860 1247 1884 ;
1259 1851 1374 1886 adjecit:
1391 1850 1430 1877 Ad
1450 1849 1556 1876 nihilum
1577 1847 1698 1874 deductus
1708 1847 1780 1874 estin

995 1902 1126 1931 consprclu
1139 1897 1192 1932 ejus
1206 1896 1340 1930 malignus.
1356 1896 1468 1922 timentes
1482 1899 1564 1921 autent
1579 1893 1714 1920 Dominum
1726 1892 1781 1927 glo-

995 1942 1116 1978 riae/ﬁcit
1132 1942 1140 1976 (
1156 1941 1226 1968 l’sut.
1251 1941 1293 1968 i4.
1315 1941 1341 1968 5.
1360 1941 1376 1967 4
1390 1939 1410 1975 ).
1434 1939 1480 1967 llis
1504 1938 1591 1966 verbis
1618 1937 1780 1965 demonstrat

996 1997 1076 2016 unum
1093 1989 1150 2022 ejus
1166 1987 1279 2015 ollicium
1292 1994 1362 2018 esse,
1379 1987 1462 2012 malos
1474 1990 1644 2012 contemnere
1655 2004 1662 2016 ,
1673 1983 1781 2010 laudare

997 2039 1024 2062 et
1039 2035 1118 2061 beare
1131 2033 1215 2060 bonos
1231 2041 1237 2058 :
1253 2037 1280 2059 et
1294 2031 1356 2058 alibi
1371 2031 1440 2058 idem
1465 2029 1621 2064 signiﬁcavit
1633 2036 1693 2055 cum
1708 2027 1779 2055 dice-

995 2084 1052 2107 ret:
1070 2078 1134 2106 Mihi
1147 2083 1229 2104 autent
1247 2077 1322 2104 nimis
1341 2075 1457 2103 honorati
1468 2079 1527 2102 sunt
1546 2074 1621 2101 amici
1638 2073 1686 2106 tui,
1704 2073 1780 2105 Deus,

995 2125 1069 2152 nimis
1091 2124 1248 2158 confortatus
1262 2126 1297 2149 ett
1313 2121 1468 2156 principatu:
1495 2127 1581 2147 eorum
1605 2117 1702 2154 (Paal.
1720 2118 1779 2145 158.

996 2172 1029 2199 17
1043 2172 1062 2205 ).
1077 2171 1159 2204 Quem
1184 2170 1254 2196 Deus
1281 2167 1391 2199 laudat,
1408 2171 1435 2193 tu
1460 2173 1494 2193 ne
1516 2166 1658 2200 vituperes.
1683 2162 1784 2190 Laudat

995 2222 1084 2244 autem
1097 2223 1168 2247 eum,
1184 2215 1228 2249 qui
1242 2221 1301 2241 cum
1324 2212 1424 2247 justitia
1448 2210 1531 2243 vivit,
1547 2210 1667 2245 quamvis
1683 2215 1782 2243 pauper

995 2264 1039 2290 sit.
1053 2263 1136 2297 Quem
1153 2263 1221 2289 Dcus
1229 2264 1376 2292 aversatur,
1385 2263 1412 2286 tu
1421 2266 1454 2286 nc
1466 2256 1630 2285 laudaveris:
1645 2259 1782 2282 aversatur

996 2315 1084 2337 autem
1097 2315 1202 2336 onmem
1218 2307 1262 2342 qui
1275 2314 1336 2334 cum
1350 2304 1466 2339 nequitia
1478 2303 1552 2336 vivit,
1563 2301 1683 2337 quamvis
1691 2300 1780 2327 multis

996 2356 1089 2391 opibus
1099 2354 1274 2382 circumﬂuat.
1287 2351 1337 2379 Sed
1353 2351 1408 2378 sive
1421 2348 1569 2376 laudaveris
1582 2367 1591 2381 ,
1605 2347 1660 2374 sive
1681 2347 1783 2391 vitupe-

996 2390 1106 2433 raveris,
1125 2404 1235 2433 utraque
1247 2398 1279 2424 ad
1291 2397 1335 2424 Dei
1344 2396 1504 2423 vohmtatcm
1516 2393 1604 2420 facias.
1616 2391 1690 2419 Licet
1703 2390 1783 2418 etiam

997 2446 1030 2474 ad
1045 2445 1155 2481 gloriam
1172 2444 1217 2471 Dei
1238 2443 1386 2477 objurgare.
1407 2440 1465 2474 Quo
1478 2438 1582 2466 tandem
1596 2437 1694 2464 modo?
1715 2436 1782 2469 Erga

998 2498 1091 2519 servos
1103 2495 1208 2517 nostros
1229 2495 1299 2522 sepe
1312 2488 1400 2514 animo
1420 2491 1635 2512 commovemnr:
1651 2481 1785 2517 quomodo

997 2541 1084 2564 autem
1101 2535 1163 2562 licet
1187 2539 1295 2568 propter
1308 2532 1388 2558 Deum
1404 2527 1562 2564 obiurgare?
1580 2527 1608 2554 Si
1622 2527 1724 2553 ebrium
1738 2529 1784 2551 attt

998 2582 1129 2610 furentem
1143 2580 1240 2607 videris
1253 2579 1294 2605 vel
1309 2584 1413 2605 servum
1427 2597 1434 2608 ,
1456 2575 1496 2602 vel
1513 2574 1637 2605 amicum,
1653 2573 1693 2600 vel
1703 2572 1783 2598 alium

998 2627 1147 2662 quempiam
1160 2625 1336 2660 propinquum
1359 2626 1432 2649 tuum
1446 2640 1455 2654 ,
1471 2624 1517 2647 aut
1537 2619 1563 2646 in
1579 2619 1709 2645 theatrum
1723 2625 1784 2644 cur-

998 2678 1111 2703 rentem,
1127 2675 1172 2698 aut
1185 2670 1298 2697 animam
1311 2676 1384 2696 suam
1401 2666 1465 2694 nihil
1479 2669 1626 2696 curantem,
1638 2668 1683 2690 aut
1693 2663 1786 2698 jnran.

999 2723 1064 2750 tem,
1076 2721 1122 2744 aut
1137 2716 1310 2751 pejcrantcm,
1327 2716 1373 2740 aut.
1387 2711 1558 2739 mentientem
1570 2717 1579 2737 :
1593 2708 1759 2736 stomachare
1774 2726 1783 2740 ,

999 2764 1101 2799 punito,
1116 2768 1224 2794 revoca,
1239 2759 1350 2793 corrige,
1364 2762 1391 2785 et
1403 2757 1460 2784 hrec
1476 2756 1564 2783 omnia
1579 2758 1687 2790 propter
1701 2753 1783 2799 Deum

1000 2797 1093 2836 iecisti.
1106 2808 1134 2836 Si
1146 2815 1207 2842 erga
1222 2811 1247 2834 te
1262 2808 1413 2841 peccantem
1427 2802 1524 2830 videris
1534 2822 1541 2834 ,
1556 2805 1601 2828 aut
1615 2800 1727 2834 aliquam
1739 2797 1783 2824 of-

1001 2855 1051 2882 ﬁcii
1063 2858 1163 2889 parum
1175 2861 1235 2888 erga
1247 2857 1272 2880 Ie
1284 2850 1324 2879 sui
1339 2847 1581 2886 prmtermittentem
1597 2867 1603 2879 ,
1617 2845 1722 2873 remitte
1737 2843 1786 2872 hoe
