2045 3116
239 174 294 203 959

242 233 275 265 ri,
289 238 315 260 et
326 233 449 261 remisisti
465 237 573 268 propter
585 233 680 260 Deum.
692 232 768 260 Nunc
779 240 842 260 vero
852 232 927 259 multi
939 235 1032 259 contra

241 279 341 306 faciunt
361 286 422 306 cum
440 286 502 313 erga
515 279 614 305 amicos
630 298 638 311 ,
656 282 709 305 tum
724 285 785 312 erga
799 285 891 308 servos
906 285 912 304 :
927 276 1036 312 quando

240 325 312 351 enim
325 332 386 359 erga
401 332 430 351 se
442 324 484 350 alii
496 328 616 358 peccant,
627 323 716 351 acerbi
730 323 960 358 incxorabilesque
974 326 1036 350 sunt

240 369 356 404 iudices:
370 369 476 404 quando
491 373 580 396 autem
596 369 622 396 in
644 369 726 396 Deum
748 369 933 396 contumeliosi
947 373 1008 396 sunt
1024 389 1032 401 ,

239 419 266 442 et
278 422 341 442 suas
354 415 471 450 ipsorum
488 415 602 450 perdunt
615 415 716 442 animas
731 435 739 449 ,
755 415 856 453 nullam
868 416 927 450 ejus
942 415 979 442 rei
994 423 1036 442 ra.

242 461 340 487 tionem
362 461 470 488 habent.
493 461 595 488 Rursus
619 461 696 488 amici
712 462 758 488 tibi
785 461 939 496 acquirendi
953 461 1037 488 sunt?

241 505 353 540 lâ€˜ropter
377 506 460 533 Deum
477 507 618 541 acquirito.
640 507 740 534 lnimici
758 507 804 534 tibi
815 507 936 542 capiendi
956 507 1038 534 sunt?

242 550 355 586 Propter
377 552 458 579 Deum
474 552 572 587 capite.
600 553 636 580 At
650 553 782 587 quomodo
801 553 879 580 amici
895 557 922 580 et
937 553 1037 580 inimici

242 602 351 632 propter
362 593 444 625 Deum
456 598 612 633 acquirendi
625 599 708 626 sunt?
721 599 749 626 Si
759 607 811 625 non
826 599 958 626 amicitias
978 599 1036 626 illas

240 644 406 678 colligamus,
416 644 486 671 unde
501 645 627 679 pecunias
641 652 747 680 cogere,
761 652 860 675 mensa:
872 645 1036 672 consortium

241 689 341 717 habere
354 711 362 723 ,
375 690 520 718 humanum
532 690 708 725 patrocinium
729 690 856 725 consequi
869 690 1016 724 poterimus
1029 699 1036 717 :

241 736 289 763 sed
314 735 375 763 illos
399 743 593 771 prosequamur
619 740 646 764 et
671 735 838 771 acquiramus
855 735 975 768 amicos,
992 735 1037 770 qui

241 785 357 808 mentem
372 785 490 808 nostram
506 781 637 809 tnoderari
651 800 660 815 ,
676 781 815 808 consulere
830 781 940 808 honesta
951 801 959 813 ,
977 788 1037 815 pec-

241 831 335 853 cantes
349 826 499 861 increpare,
515 826 700 862 delinquentes
710 834 833 861 arguere,
852 826 1038 861 supplantatos

243 872 356 906 erigere,
370 872 482 899 consilio
494 879 525 899 ac
540 873 662 906 precibus
676 879 753 906 opem
767 871 855 905 ferre,
870 876 897 899 ct
911 872 943 899 ad
956 872 1038 899 Deum

243 917 376 944 adducere
389 922 508 952 possunt.
523 917 624 945 Rursus
645 918 768 945 inimicos
791 918 855 944 licet
870 917 958 945 facere
976 925 1039 952 pro-

243 966 301 996 pter
318 961 410 989 Deum.
427 962 454 990 Si
471 962 569 990 videris
585 963 699 997 aliquem
714 963 933 998 intemperantem
944 983 952 997 ,
966 963 1039 990 nefa-

243 1006 322 1038 rium,
336 1007 458 1042 nequitiic
469 1007 587 1042 plenum,
601 1008 887 1043 opinionibusiinpuris
899 1008 1037 1042 refertum,

244 1052 456 1087 supplantantcm
470 1058 495 1080 te
508 1060 539 1080 ae
550 1053 596 1080 tibi
610 1060 706 1080 nocere
721 1053 882 1088 cupientem,
894 1053 999 1085 recede,
1013 1058 1040 1080 et

245 1098 347 1124 resilias
357 1098 390 1125 ab
405 1098 465 1125 illo:
480 1098 518 1125 sic
531 1099 601 1125 enitn
613 1098 734 1126 Christus
742 1099 818 1134 jubet
828 1108 834 1126 :
845 1099 875 1126 Si
885 1099 972 1125 oculus
982 1104 1039 1125 tuus

246 1145 333 1170 dexter
340 1144 496 1170 scandulizat
509 1149 541 1177 te,
551 1152 609 1171 erue
619 1152 686 1177 eum,
697 1148 720 1171 cl
732 1144 828 1179 projice
846 1144 889 1171 ab;
901 1149 924 1171 te
933 1144 1037 1179 (Matth.

244 1188 272 1216 5.
281 1189 338 1223 29).
348 1188 403 1215 lloc
412 1196 507 1223 nempe
518 1189 652 1224 praecepit,
663 1193 691 1216 ut
697 1189 868 1224 amicosquos
878 1197 953 1224 teque
962 1194 1040 1224 atque

245 1235 335 1262 orulos
357 1243 435 1262 caros
456 1235 536 1263 habes
552 1256 560 1268 ,
583 1239 611 1263 et
624 1236 656 1263 ad
669 1243 775 1263 omnem
787 1236 847 1263 vine
862 1244 937 1263 usum
949 1243 1040 1263 ncces-

245 1280 329 1308 barios
339 1301 347 1314 ,
371 1281 393 1307 si
406 1281 501 1308 anima:
516 1281 594 1308 saluti
611 1284 735 1315 noceant,
752 1286 873 1315 amputes
881 1285 905 1307 el
920 1280 1038 1315 abjicias.

245 1327 272 1353 Si
291 1326 316 1353 iii
329 1331 428 1354 emtum
442 1326 578 1353 hominum
595 1326 725 1361 prodicris
734 1347 741 1360 ,
755 1331 781 1354 et
794 1327 873 1353 verba
886 1327 966 1354 multa
979 1334 1039 1354 cum

246 1371 305 1398 aliis
317 1371 420 1404 feceris,
431 1377 539 1406 propter
550 1372 631 1399 Deum
644 1371 694 1398 hoc
703 1371 782 1399 facito
792 1372 827 1399 :si
843 1372 966 1404 tacueris,
976 1379 1039 1406 pro-

246 1422 305 1452 pter
314 1417 395 1444 Deum
406 1417 543 1444 taceto.At
554 1417 686 1452 quomodo
701 1417 727 1444 in
741 1423 810 1445 cmtu
824 1419 923 1445 versari
933 1423 1041 1452 propter

246 1463 329 1490 Deum
339 1463 420 1491 licet?
431 1463 457 1491 Si
469 1471 529 1490 cum
542 1463 602 1490 aliis
612 1463 718 1496 sedens,
727 1472 778 1491 non
792 1463 825 1491 de
837 1464 917 1491 rebus
929 1463 1041 1491 saecula-

247 1509 318 1535 ribus
333 1509 460 1542 disseras,
475 1517 559 1544 ncqttc
571 1509 604 1536 de
619 1509 650 1536 iis
665 1518 722 1544 qum
734 1509 810 1536 nobis
824 1509 901 1543 plane
919 1516 1011 1544 parum
1030 1529 1037 1541 ,

246 1560 292 1582 aut
307 1554 373 1582 nihil
383 1555 538 1583 conducunt
551 1576 559 1588 ,
573 1555 621 1582 sed
634 1555 666 1582 de
677 1555 805 1590 religione
817 1559 905 1582 nostra
923 1575 930 1588 ,
952 1554 985 1582 de
995 1563 1041 1590 ge-

247 1600 345 1633 heuna,
359 1600 393 1628 de
408 1608 490 1635 regno
503 1600 641 1633 ctelorum,
656 1607 710 1627 non
723 1605 812 1627 autem
828 1600 861 1627 de
883 1600 963 1627 rebus
982 1600 1039 1627 ina-

247 1647 324 1675 nibus
338 1651 384 1674 aut
395 1646 607 1682 supervacaneis,
617 1647 692 1681 cujus
700 1646 803 1682 generis
815 1646 872 1673 haec
884 1651 962 1674 sunt:
976 1646 1041 1680 Quis

247 1694 430 1728 magistratum
445 1693 522 1720 iniit?
540 1693 605 1727 Quis
619 1694 801 1728 magistratum
815 1693 922 1720 amisit?
936 1693 992 1727 Qua
1006 1693 1040 1720 de

247 1746 326 1766 causa
338 1739 379 1766 hic
391 1738 530 1766 mulctatus
544 1738 607 1766 est?
623 1737 697 1765 Unde
711 1738 754 1765 ille
767 1737 884 1765 lucratus
898 1743 949 1770 est,
962 1743 989 1765 et
1003 1738 1041 1765 lo-

248 1784 445 1818 cupletissimus
455 1784 555 1811 evasit?
571 1784 639 1818 Quid
654 1784 698 1812 ille
712 1784 772 1811 huic
785 1784 892 1818 reliquit
907 1784 1041 1811 moriens?

252 1829 392 1863 Quomodo
405 1830 449 1858 ille
461 1830 494 1857 ab
506 1829 653 1857 hereditate
667 1829 760 1861 abfuit,
776 1837 836 1857 cum
848 1830 873 1856 in
889 1829 980 1864 primis
995 1829 1041 1857 he-

248 1875 356 1903 redibus
366 1883 395 1903 se
408 1875 441 1902 ad
452 1875 620 1903 scribendum
631 1876 780 1909 putaverit?
792 1875 830 1902 Ac
843 1875 926 1902 multa
936 1875 986 1902 alia
1000 1875 1042 1903 his

248 1921 354 1949 similia.
371 1921 408 1948 De
422 1920 463 1948 his
474 1921 553 1948 rebus
566 1926 653 1947 autem
671 1929 756 1956 neque
769 1928 818 1948 nos
831 1920 1041 1953 confabulemur,

248 1976 335 2003 neque
348 1968 414 1995 alios
426 1967 588 1995 confabulari
603 1967 802 2002 permittamus;
827 1967 873 1994 sed
886 1966 1041 1994 considere-

250 2022 309 2042 mus
325 2014 412 2048 potius
427 2013 522 2048 quibus
536 2013 613 2041 dictis
635 2018 680 2040 aut
704 2013 781 2040 factis
797 2013 850 2040 Deo
866 2013 1041 2047 placebimus.

250 2059 352 2087 Rursus
368 2060 467 2094 poteris
482 2064 590 2094 propter
605 2059 687 2086 Deum
701 2059 790 2091 silere,
804 2058 956 2093 exagitatus
966 2078 972 2090 ,
985 2058 1042 2085 vio-

250 2106 329 2138 latus,
344 2105 444 2132 infinita
460 2105 528 2132 mala
543 2112 645 2139 passus,
661 2104 682 2130 si
697 2104 766 2131 feras
778 2111 918 2139 generose,
928 2108 955 2131 et
970 2104 1042 2131 nulla

251 2150 391 2178 maledicta
406 2149 506 2178 referas
517 2150 553 2176 illi
567 2150 610 2184 qui
628 2149 684 2176 htec
698 2149 857 2184 designavit.
879 2149 936 2176 Non
951 2153 1040 2176 autem

250 2197 359 2225 laudare
370 2197 454 2224 solum
466 2200 492 2222 et
504 2196 653 2230 vituperare
664 2215 672 2226 ,
698 2202 746 2222 nec
760 2195 832 2222 domi
857 2202 964 2222 manere
978 2216 986 2229 ,
999 2199 1044 2222 aut

251 2243 322 2270 foras
339 2242 387 2275 ire,
401 2249 453 2268 non
464 2241 545 2276 loqui,
556 2244 602 2267 aut
612 2240 701 2272 silere,
711 2239 756 2267 sed
765 2240 844 2271 etiam
855 2240 928 2271 ï¬‚ere,
941 2240 1042 2273 dolere,

252 2294 278 2315 ct
293 2287 375 2314 lactari
398 2293 503 2321 quoque
522 2285 554 2312 ad
573 2285 684 2319 gloriam
700 2285 747 2312 Dei
762 2285 832 2312 licet.
847 2285 958 2318 Quando
971 2286 1043 2313 enim

253 2333 296 2361 Vel
310 2333 418 2360 fratrem
429 2331 527 2358 videris
541 2335 706 2366 peccantem,
722 2331 763 2358 vel
778 2332 891 2366 teipsmn
908 2332 934 2358 in
950 2339 1044 2367 pecca-

254 2383 309 2406 tum
323 2377 428 2412 aliquod
442 2377 590 2412 delapsum.
607 2376 705 2404 deinde
715 2377 873 2412 ingctniscas
887 2398 894 2410 ,
911 2385 942 2404 ac
955 2378 1044 2405 animo

254 2431 377 2455 mmrcas,
385 2422 454 2450 battd
467 2422 646 2457 junnitendam
656 2422 769 2449 salutem
777 2430 808 2449 ex
821 2422 870 2449 hoc
880 2422 1043 2450 lucrifccisti:

253 2468 478 2504 quemadmodum
488 2468 585 2495 Paulus
599 2468 636 2494 ait
648 2476 655 2494 Îµ
680 2468 729 2500 Qui
754 2468 890 2494 secundum
900 2467 983 2495 Deum
996 2468 1044 2495 do-

254 2515 293 2541 lor
303 2518 350 2546 est,
361 2514 467 2541 salutem
477 2513 546 2540 haud
557 2513 727 2548 pwnilendam
741 2513 814 2548 efï¬cit
825 2513 865 2547 (2.
877 2513 935 2540 Cor.
947 2514 974 2540 7.
987 2514 1043 2549 10).

253 2560 282 2589 Si
295 2560 432 2588 ï¬‚orentem
447 2560 558 2587 alterum
567 2560 657 2587 videas
667 2579 674 2591 ,
689 2559 772 2586 nolito
786 2559 822 2586 illi
836 2560 964 2587 continuo
977 2560 1045 2587 invi-

255 2607 329 2640 dere,
346 2606 393 2634 sed
409 2606 539 2641 Deo,qui
564 2611 617 2633 tam
644 2605 801 2640 pra-clarum
826 2605 915 2633 etlâ€˜eeit
936 2606 1044 2633 fratrem

255 2659 329 2682 tuum
342 2673 349 2686 .
365 2653 474 2688 perinde
484 2660 516 2680 ac
528 2652 561 2680 de
575 2651 689 2687 propriis
709 2651 786 2679 bonis
800 2651 898 2686 gratias
909 2652 980 2687 agito
995 2672 1003 2685 ,
1019 2656 1046 2680 et

255 2699 334 2734 hujus
346 2700 444 2727 ltetitire
459 2705 632 2734 permagnum
649 2697 731 2725 habes
745 2697 870 2724 fructum.

291 2746 319 2774 5.
338 2746 486 2773 Inuidorum
498 2744 646 2771 miserabilis
656 2743 821 2770 conditio.-â€”
836 2743 904 2776 Quid
918 2743 988 2771 cnim
1003 2745 1045 2771 in-

255 2793 324 2820 vidis
343 2791 495 2819 hominibus
506 2794 549 2817 est
563 2789 750 2822 miserabilius,
772 2788 868 2824 quibus
887 2797 947 2816 cum
970 2789 1047 2817 liceat

257 2837 373 2873 gaudere
389 2857 397 2870 ,
419 2841 446 2864 et
460 2837 573 2864 fructum
587 2835 685 2862 Iustitiae
695 2842 750 2862 suae
762 2842 858 2869 capere
869 2855 876 2867 ,
893 2835 942 2870 ipsi
957 2840 1046 2863 tamen

257 2885 358 2913 malunt
374 2886 482 2919 propter
496 2881 596 2911 alienas
610 2880 748 2910 felicitates
763 2880 854 2909 dolere
864 2890 871 2916 ;
883 2887 908 2911 ct
924 2892 984 2911 cum
995 2883 1044 2911 do-

587 175 616 204 S.
635 174 773 204 JOANNIS
790 173 1027 202 CHRYSOSTOMI
1046 171 1205 201 ARCHIEP.
1225 172 1489 202 CONSTANTINOP.

1837 178 1898 209 Î¸ÏÎ±

1092 229 1150 258 lore
1170 231 1228 265 ipso
1240 239 1344 266 pteaam
1366 239 1379 258 a
1395 232 1450 260 Deo
1465 254 1473 266 ,
1487 237 1514 260 et
1539 235 1696 269 supplicium
1720 235 1896 265 intolerabile

1089 276 1388 304 arcessere?C:eterum
1411 278 1473 312 quid
1498 277 1590 306 laudes
1611 284 1639 307 et
1659 280 1893 315 vituperationes.

1089 321 1196 349 dolores
1208 327 1235 350 et
1247 322 1351 350 lmtitias
1361 330 1542 351 commemoro
1551 333 1559 358 ;
1569 325 1612 353 ubi
1623 326 1702 353 etiam
1714 334 1730 353 a
1742 326 1894 355 levissimis

1089 368 1171 396 rebus
1180 373 1206 396 et
1218 368 1354 397 vilissimis
1367 371 1497 398 maximas
1507 371 1635 399 utilitates
1649 372 1828 407 percipiemus
1841 395 1848 406 ,
1866 374 1892 401 si

1090 419 1198 449 propter
1219 415 1302 442 Deum
1326 415 1411 450 ipsum
1427 423 1473 444 eas
1487 416 1637 445 faciamus?
1660 418 1728 452 Quid
1751 419 1822 446 enim
1846 425 1893 447 est

1091 464 1200 487 tonsura
1226 460 1340 487 crinium
1364 461 1463 489 vilius?
1498 461 1554 490 lloc
1578 466 1665 490 tamen
1691 463 1751 491 licet
1777 469 1892 499 proptel

1091 505 1174 532 Deum
1189 504 1286 533 facere.
1301 506 1413 540 Quando
1424 507 1493 534 enim
1508 515 1610 535 comam
1623 516 1675 536 non
1684 511 1870 544 composueris
1879 530 1892 543 .

1091 558 1177 585 neque
1189 551 1289 578 vultum
1301 556 1374 579 tuum
1386 553 1524 580 ornaveris
1536 574 1543 587 ,
1557 561 1644 588 neque
1658 558 1684 582 te
1697 555 1730 582 ad
1746 555 1890 583 illecebras

1090 604 1122 624 ac
1134 597 1265 625 lenocinia
1279 605 1384 632 eorum,
1395 599 1441 634 qui
1456 604 1481 627 te
1493 600 1629 628 intuentur
1639 622 1646 633 ,
1660 602 1821 636 compseris,
1837 602 1890 629 sed

1091 641 1190 670 inculte
1203 663 1212 677 ,
1232 647 1259 670 et
1271 648 1397 679 quantum
1413 652 1475 672 usus
1488 645 1538 673 fert
1552 665 1561 679 ,
1587 646 1700 680 teipsum
1714 647 1889 681 aptutrareris

1093 694 1205 723 tantum,
1223 695 1332 726 propter
1342 691 1425 719 Deum
1439 691 1524 719 fecisti
1536 713 1543 725 ,
1557 697 1584 720 et
1597 692 1654 727 ejus
1667 693 1817 720 mercedem
1842 701 1888 721 re-

1092 737 1212 771 parlabis
1224 758 1231 770 ,
1254 742 1309 764 tum
1330 738 1391 773 quia
1415 739 1587 773 cupiditatem
1602 740 1751 773 repressisti
1765 739 1861 766 malam
1875 760 1887 773 ,

1092 786 1146 808 tum
1162 782 1223 816 quia
1239 782 1409 810 ambitionem
1419 783 1597 818 importunam
1611 785 1762 812 coercuisti.
1776 785 1804 813 Si
1812 785 1886 812 enim

1091 827 1135 861 qui
1154 827 1278 862 poculum
1294 827 1388 863 frigide
1401 829 1487 856 solum
1502 829 1548 856 dat
1563 834 1671 864 propter
1694 830 1793 862 Deum,
1809 832 1889 866 regni

1091 872 1217 899 caslorum
1237 871 1412 900 hereditatem
1427 874 1508 902 adibit
1518 873 1622 910 (Matth.
1635 875 1678 902 l0.
1692 874 1756 910 4â€˜2):
1770 875 1815 910 qui
1825 883 1887 903 om-

1092 918 1135 945 nia
1149 917 1240 946 fecerit
1253 923 1362 954 propter
1375 919 1469 950 Deum.
1483 920 1623 948 considera
1638 926 1762 956 quantam
1778 922 1889 949 habebit

1093 965 1347 999 compensationem.
1362 965 1431 999 Quin
1447 971 1474 993 et
1487 971 1596 1001 propter
1611 966 1694 993 Deum
1709 967 1843 999 incedere.
1860 973 1892 998 et

1092 1014 1202 1044 propter
1213 1011 1294 1037 Deum
1311 1011 1408 1039 intueri
1423 1019 1574 1046 possumus.
1589 1013 1623 1039 At
1635 1013 1768 1047 quomodo
1788 1013 1895 1045 intueri,

1092 1062 1118 1084 et
1130 1056 1253 1085 incedere
1268 1062 1376 1092 propter
1388 1058 1473 1086 Deum
1492 1058 1576 1086 licet?
1597 1058 1708 1091 Qumdo
1721 1066 1774 1085 non
1786 1058 1819 1086 ad
1835 1059 1890 1086 imp

1094 1102 1250 1137 probitatem
1264 1104 1364 1131 curris:
1380 1104 1491 1138 Quando
1501 1112 1553 1131 non
1567 1104 1592 1131 in
1607 1104 1720 1133 alienam
1739 1104 1889 1138 pulchrituâ€”

1092 1148 1180 1176 dmcm
1194 1149 1273 1176 nimis
1284 1149 1394 1184 inquiris
1405 1158 1412 1177 :
1425 1150 1532 1184 quando
1547 1149 1687 1177 mulierem
1701 1154 1896 1177 occurrentem

1092 1193 1195 1226 videns,
1207 1194 1326 1221 refrenas
1336 1195 1437 1228 oculos,
1446 1199 1473 1222 et
1485 1195 1580 1222 timore
1591 1194 1637 1222 Dei
1646 1195 1732 1221 munis
1739 1199 1896 1229 aspectum,

1093 1237 1142 1265 ltoc
1155 1244 1261 1273 propter
1277 1239 1360 1266 Deum
1377 1239 1460 1266 facis:
1479 1239 1584 1274 quando
1605 1246 1656 1267 non
1673 1239 1796 1274 pretiosis
1808 1239 1890 1266 vesti-

1093 1282 1142 1310 bus
1155 1288 1182 1311 et
1194 1283 1323 1316 delicatis,
1339 1284 1385 1311 sed
1398 1284 1430 1311 iis
1445 1292 1502 1319 qtae
1517 1289 1604 1319 tegere
1627 1292 1676 1312 nos
1689 1285 1753 1312 satis
1767 1290 1890 1320 possunt.

1093 1329 1236 1356 induimur.
1244 1329 1296 1356 Sed
1303 1334 1329 1357 et
1338 1329 1370 1356 ad
1383 1330 1450 1357 imos
1463 1337 1544 1364 usque
1550 1330 1653 1357 calceos
1663 1329 1803 1357 demittere
1816 1329 1894 1358 hunc

1093 1382 1196 1402 morem
1215 1374 1287 1402 licet.
1312 1375 1437 1409 Eousque
1451 1375 1521 1402 enim
1538 1375 1657 1402 mollitiei
1673 1375 1803 1410 luxusque
1816 1375 1890 1402 dela-

1093 1419 1132 1454 psi
1141 1424 1203 1446 sunt
1212 1419 1298 1452 multi,
1306 1424 1334 1447 ut
1345 1425 1372 1447 et
1382 1420 1485 1448 calceos
1495 1425 1634 1453 exornent,
1643 1424 1670 1447 et
1677 1420 1748 1447 omni
1756 1429 1788 1447 ex
1801 1425 1890 1455 parte.

1093 1472 1168 1500 teque
1180 1472 1211 1492 ac
1221 1465 1315 1492 faciem
1332 1473 1407 1492 suam
1417 1465 1460 1492 alii
1471 1471 1642 1500 componant,
1658 1466 1761 1493 variare
1771 1466 1889 1499 soleant,

1093 1509 1163 1543 quod
1176 1510 1271 1536 animae
1286 1510 1395 1544 impura:
1409 1517 1441 1537 ac
1449 1509 1604 1545 depravata:
1614 1510 1718 1545 signum
1728 1515 1778 1537 est.
1788 1510 1891 1544 Quam.

1093 1563 1171 1590 quam
1190 1556 1260 1582 enim
1271 1556 1442 1590 perexiguum
1455 1556 1506 1584 hoc
1517 1564 1576 1584 esse
1584 1556 1715 1589 videatur,
1727 1562 1815 1584 tamen
1830 1562 1889 1584 tulit

1093 1601 1119 1628 in
1134 1601 1199 1628 viris
1214 1622 1221 1633 ,
1235 1606 1289 1628 tum
1304 1601 1330 1628 iii
1345 1601 1451 1629 feminis
1464 1609 1587 1637 magnum
1601 1602 1712 1636 perdita:
1727 1603 1824 1629 metuis
1843 1611 1889 1628 ar-

1093 1651 1246 1682 gumentum
1260 1651 1310 1674 est.
1340 1646 1443 1674 Licebit
1456 1654 1520 1682 ergo
1541 1651 1568 1674 et
1591 1647 1687 1674 calceis
1701 1647 1765 1681 ipsis
1780 1653 1891 1682 proptet:

1094 1693 1177 1720 Deum
1190 1692 1227 1719 uti
1241 1712 1249 1726 ,
1275 1699 1335 1720 cum
1356 1692 1464 1720 omnino
1478 1699 1554 1720 usum
1571 1693 1716 1727 querimus
1731 1713 1739 1725 ,
1765 1697 1793 1720 et
1817 1692 1890 1720 hunc

1094 1737 1253 1765 utendorum
1268 1738 1417 1766 calceorum
1431 1738 1539 1766 modum
1565 1738 1746 1766 habuerimus.
1761 1738 1890 1774 Ingressu

1093 1783 1165 1811 enim
1174 1787 1201 1810 et
1215 1783 1312 1810 amictu
1325 1791 1373 1811 nos
1382 1784 1464 1810 Deum
1477 1783 1559 1818 gloria
1573 1783 1679 1811 afficere
1690 1791 1778 1818 posse,
1787 1792 1874 1819 eogno
1882 1799 1889 1805 -

1094 1835 1139 1856 see
1151 1835 1184 1856 ex
1199 1836 1242 1861 eo,
1256 1829 1326 1863 quod
1342 1829 1447 1863 sapiens
1462 1829 1570 1864 quidam
1588 1829 1652 1857 olim
1665 1830 1732 1857 dixit
1747 1839 1754 1858 Ï‚
1775 1829 1888 1858 Vestitu;

1094 1873 1141 1900 viri
1153 1893 1160 1906 ,
1181 1877 1204 1899 et
1218 1873 1283 1900 risus
1298 1873 1420 1906 dentium,
1433 1877 1455 1900 et
1470 1874 1582 1901 incessus
1601 1873 1693 1908 pedum
1711 1874 1825 1901 indicant
1840 1874 1895 1901 ho-,

1095 1919 1282 1954 minem(Echi.
1302 1919 1344 1947 l9.
1359 1919 1416 1955 27).
1430 1919 1541 1953 Quando
1555 1920 1626 1947 enim
1647 1920 1759 1948 honeste
1774 1921 1862 1948 vestiti
1880 1941 1887 1952 ,

1094 1965 1231 2000 gravitatis
1246 1965 1327 1999 pleni,
1351 1969 1377 1992 et
1398 1965 1508 1992 multam
1521 1965 1547 1992 in
1560 1965 1632 1992 omni
1647 1973 1677 1992 re
1691 1965 1808 2000 gerenda
1828 1973 1888 1997 Î·Î¹Ï‚)-

1095 2010 1207 2038 destiam
1222 2010 1378 2038 adhibentes
1398 2010 1535 2044 prodimus
1552 2019 1559 2037 :
1575 2010 1620 2046 qui
1634 2010 1748 2038 inï¬delis
1758 2031 1765 2042 ,
1778 2011 1825 2045 qui
1841 2010 1884 2038 in-

1096 2061 1262 2090 temperans,
1285 2056 1329 2091 qui
1343 2056 1510 2083 turbulentus
1531 2060 1573 2083 est
1595 2056 1658 2089 vir,
1679 2055 1702 2083 is
1725 2063 1887 2091 quamquam

1097 2101 1310 2129 inconsideratus
1324 2101 1402 2128 fuerit
1416 2122 1424 2134 ,
1439 2106 1527 2128 tamen
1543 2101 1630 2135 primo
1653 2108 1758 2136 quoque
1772 2109 1893 2131 occursu

1097 2147 1122 2174 in
1135 2147 1248 2182 aliquem
1260 2146 1316 2180 ejus
1329 2146 1434 2181 generis
1447 2145 1581 2173 hominem
1597 2146 1711 2179 intuens,
1726 2148 1797 2173 omni
1814 2146 1888 2178 illum

1096 2192 1271 2219 admiratione
1291 2197 1474 2227 prosequetur.
1490 2191 1518 2219 Si
1528 2199 1638 2219 uxorem
1647 2191 1812 2223 duxerimus,
1826 2198 1889 2225 pro-

1096 2242 1155 2272 pter
1166 2238 1246 2265 Deum
1256 2236 1306 2264 hoc
1317 2237 1454 2270 faciamus,
1464 2244 1516 2264 non
1525 2241 1553 2267 ut
1564 2236 1700 2264 facultates
1713 2237 1829 2270 majores
1842 2244 1888 2263 ac-

1096 2283 1243 2317 quiramus,
1259 2281 1307 2309 sed
1319 2286 1346 2309 ut
1356 2282 1451 2309 animae
1463 2281 1627 2309 nobilitatem
1642 2282 1821 2316 inquirantus;
1837 2289 1895 2313 non.

1097 2328 1267 2363 pecuniarum
1281 2328 1480 2361 abundantiam,
1495 2335 1547 2355 non
1561 2327 1689 2362 majorum
1705 2327 1895 2362 splendorem._

1097 2373 1143 2400 sed
1157 2381 1261 2400 morum
1271 2374 1394 2400 virtutem
1407 2381 1597 2408 persequamur
1606 2378 1634 2401 et
1644 2372 1812 2406 modestiam,
1827 2374 1888 2401 vita:

1097 2420 1208 2453 sociam,
1223 2428 1275 2447 non
1295 2420 1485 2450 lenociniorum
1505 2420 1629 2447 comitem
1640 2420 1785 2454 capiamus.
1800 2420 1894 2447 Cale-ut

1097 2474 1156 2494 rum
1167 2466 1228 2501 quid
1242 2473 1309 2501 opus
1323 2471 1364 2494 est
1376 2467 1464 2494 omnia
1477 2466 1708 2494 commemorare?
1726 2465 1802 2493 Licet
1812 2466 1890 2494 vobis

1098 2520 1129 2540 ex
1146 2513 1177 2540 iis
1190 2520 1247 2547 qua:
1262 2512 1332 2540 dicta
1343 2516 1415 2545 sunt,
1430 2511 1532 2547 singula
1545 2519 1603 2546 qua:
1614 2511 1680 2539 fiunt
1692 2515 1738 2538 aut
1750 2516 1891 2547 geruntur,

1099 2565 1264 2593 percurrere,
1281 2562 1307 2585 et
1317 2558 1405 2586 omnia
1421 2563 1529 2593 propter
1551 2558 1633 2584 Deum
1649 2558 1747 2585 facere.
1774 2557 1808 2584 Et
1822 2558 1891 2586 sicut

1098 2604 1418 2640 mcrcatoresnavigantes
1431 2605 1524 2637 maria,
1539 2609 1565 2631 ct
1576 2604 1609 2631 ad
1623 2604 1742 2631 civitates
1754 2604 1892 2638 appellen-

1099 2656 1149 2684 tes,
1162 2659 1213 2679 non
1228 2651 1300 2687 prius
1314 2651 1434 2678 abeunta
1447 2655 1534 2686 portu,
1550 2655 1576 2677 et
1591 2650 1617 2676 in
1629 2650 1714 2677 forum
1729 2650 1894 2684 ascendunt,

1099 2706 1178 2733 quam
1193 2697 1340 2732 intelligant
1354 2697 1459 2732 aliquod
1475 2697 1577 2724 lucrum
1603 2696 1690 2724 inesse
1705 2696 1731 2723 in
1747 2696 1889 2723 tncrciinw

1101 2745 1168 2771 niis:
1183 2744 1222 2771 sic
1232 2752 1281 2771 nec
1294 2748 1321 2770 tit
1335 2743 1477 2778 quidquam
1492 2743 1583 2776 facias,
1597 2750 1647 2770 nec
1661 2743 1734 2770 dicas
1749 2763 1757 2775 ,
1783 2743 1834 2770 nisi
1851 2743 1889 2770 loâ€”

1099 2799 1173 2818 crum
1187 2790 1292 2825 aliquod
1306 2790 1401 2817 habeat
1423 2790 1570 2817 secundum
1584 2790 1679 2817 Deum.
1700 2789 1740 2817 Ne
1753 2789 1829 2817 dicas
1843 2798 1895 2817 an-

1101 2841 1152 2863 tem
1174 2837 1306 2863 neminem
1328 2843 1406 2870 posse
1429 2835 1518 2862 omnia
1542 2839 1650 2869 propter
1673 2834 1757 2862 Deum
1783 2835 1895 2867 facere:

1100 2882 1204 2918 quando
1226 2882 1296 2910 enim
1310 2881 1498 2915 caleeamenta,
1513 2880 1646 2915 caesaries,
1662 2880 1784 2915 vestitus,
1799 2880 1897 2909 iaces-
