2045 3116
164 107 214 137 961

162 179 217 204 sus,
234 175 366 208 aspectus,
381 171 460 199 verba
472 191 480 205 ,
493 178 634 199 consessus
644 193 652 205 ,
664 172 799 207 ingressus
812 194 820 206 ,
837 174 925 202 exitus
938 195 948 210 ,

161 217 264 246 facetia:
278 237 286 250 ,
301 217 481 251 laudationes,
499 217 719 252 vituperationes,
742 220 951 248 commendatio-

161 272 221 298 nes,
235 263 368 297 amicitiae,
383 262 526 290 inimicitiae
535 268 646 298 possunt
659 270 768 299 propter
781 265 863 292 Deum
875 266 949 294 ﬁeri:

160 309 223 344 quid
237 313 328 341 restat,
342 309 363 335 si
373 308 543 340 voluerimus,
553 309 622 343 quod
637 317 689 336 non
702 311 833 344 possimus
843 316 952 346 propter

161 356 245 384 Deum
260 355 365 383 facere?
378 354 446 388 Quid
459 355 575 382 carceris
586 356 742 383 custodibus
754 356 871 384 deterius
892 365 952 385 esse

161 402 267 437 potest?
290 401 382 428 Nonne
396 401 452 428 hinc
464 401 516 428 vita
529 401 647 428 onntiunt
659 402 820 437 nequissima
838 410 898 430 esse
909 403 950 430 vi-

161 448 256 476 detur?
275 447 349 475 Licet
363 452 451 474 tamen
465 447 489 474 ei
504 448 549 482 qui
570 447 633 475 velit
658 448 720 475 inde
734 448 838 476 lucrum
858 457 951 485 repor-

160 499 227 525 tare,
236 492 342 528 quando
352 492 447 519 vinctis
454 492 547 527 parcit,
558 493 769 528 quandoinjuste
779 494 950 523 incarcerem

159 539 294 574 conjectos
304 542 390 570 curat,
401 542 428 565 et.
442 539 469 565 in
483 538 577 566 alienis
587 538 782 566 calamitatibus
795 548 849 567 non
868 547 951 575 nego-

159 585 240 612 tiatur
258 592 266 611 :
281 584 387 619 quando
406 583 555 611 communis
577 584 732 619 proponitur
745 585 869 612 omnibus
882 585 952 612 afﬂi-

159 632 209 658 ctis
226 635 330 666 portus.
351 630 389 657 ita
408 634 498 657 custos
511 630 626 657 carceris
641 630 716 657 Pauli
731 631 843 658 salutem
856 636 950 660 nactus

159 681 200 704 est
214 677 226 712 (
239 677 294 703 Act.
309 676 353 703 l6.
363 676 409 703 27.
424 684 479 713 sqq.
497 677 524 711 ):
542 677 611 704 unde
625 677 706 711 liquet
719 685 768 704 nos
779 685 813 705 ex
827 678 951 706 omnibus

159 722 250 754 rebus,
268 722 291 749 si
302 722 475 756 voluerimus,
491 722 591 750 lucrum
608 722 695 750 facere
706 730 795 758 posse.

194 767 221 795 6.
235 766 317 802 Quid,
331 775 435 803 quaeso,
450 767 523 795 czede
535 768 668 803 indignius
678 775 738 796 che
751 768 858 804 potest?
870 771 949 797 Atta-

159 820 220 841 men
233 813 360 848 justitiam
375 812 471 841 afferre
485 814 570 848 potuit
581 814 661 841 etiam
677 815 726 841 hoc
739 815 850 848 fucinus,
865 815 890 843 ei
904 815 949 850 qui

159 858 302 886 admiserat
316 867 323 885 :
338 858 403 885 tanti
416 863 457 886 est
471 864 579 894 propter
593 859 676 886 Deum
691 860 833 895 quidquam
849 859 947 889 facere.

159 905 194 932 At
206 904 339 940 quomodo
351 904 529 939 potuitcmdes
537 904 666 939 justitiam
675 905 788 932 afferre?
802 906 950 933 Madianita',

159 951 221 979 olim
235 951 358 978 volebant
371 950 503 978 infensutn
519 951 599 978 Deum
614 951 714 979 ludatis
729 953 834 984 facere,
848 952 898 980 hac
908 953 948 980 via

158 996 278 1024 arbitrati
291 1003 321 1024 se
335 996 394 1024 illos
407 1004 532 1032 superare
547 1004 625 1032 posse
637 1018 644 1030 ,
663 997 685 1024 si
701 998 886 1025 benevolentia
901 998 949 1026 Dci

159 1042 219 1070 illos
236 1042 389 1077 privarent;
413 1042 515 1077 puellas
533 1047 711 1076 exornantes,
726 1047 754 1071 et
772 1043 798 1070 in
813 1044 948 1072 exercitus

159 1093 303 1123 conspectu
313 1088 485 1120 collocantes.
501 1088 720 1116 lenocinabantur
734 1097 790 1122 eos,
807 1095 834 1117 et
846 1090 879 1117 ad
894 1094 950 1117 stu—

158 1142 235 1170 prum
245 1136 342 1170 primo,
353 1134 449 1162 deinde
461 1135 541 1162 ctiam
551 1135 584 1163 ad
596 1135 757 1170 impietatem
772 1136 948 1164 adducebant.

158 1180 214 1210 Hoc
226 1189 286 1209 cum
297 1181 408 1209 vidisset
421 1181 535 1209 Phinees
547 1203 555 1216 ,
573 1182 640 1210 duos
659 1183 685 1210 in
705 1183 761 1218 ipsa
775 1183 950 1211 fornicatione

158 1227 377 1262 deprehendens,
399 1228 519 1255 districto
539 1228 626 1264 gladio
648 1233 775 1264 utrosque
791 1229 948 1262 transfodit,

159 1273 257 1309 Deique
271 1273 338 1301 iram
352 1281 367 1301 a
383 1273 514 1302 destinata
527 1275 657 1302 sententia
668 1275 776 1302 deduxit
786 1274 880 1310 (Num.
890 1276 948 1310 ‘25).

159 1321 197 1348 Ac
209 1320 311 1348 facinus
322 1320 429 1355 quidem
445 1320 531 1356 ipsum
544 1320 632 1348 cedes
649 1321 697 1348 fuit
713 1330 720 1349 :
737 1321 839 1349 fructus
858 1326 947 1349 autem

158 1367 237 1398 illius,
251 1367 367 1394 omnium
380 1366 574 1401 pcrdendorum
588 1367 660 1394 salus
675 1375 681 1393 :
698 1366 767 1394 unde
781 1371 808 1394 et
818 1367 947 1402 justitiam

159 1412 245 1439 attulit
255 1412 289 1445 ei,
305 1412 350 1446 qui
364 1412 413 1439 hoc
428 1412 499 1439 fecit.
515 1411 550 1439 Et
563 1419 614 1439 non
629 1412 708 1440 modo
720 1420 773 1439 non
788 1420 881 1440 manus
893 1412 950 1440 haec

158 1456 245 1484 caedes
264 1457 412 1492 inquinavit
427 1476 434 1488 ,
456 1457 502 1484 sed
524 1457 608 1484 multo
630 1457 709 1485 etiam
732 1457 853 1492 puriorcs
874 1456 947 1484 fecit.

159 1504 245 1538 Atque
258 1502 283 1531 id
294 1502 354 1538 jure
366 1502 471 1538 quidem
484 1511 491 1529 :
506 1510 559 1530 non
573 1503 644 1530 euitn
656 1510 689 1530 ex
701 1511 794 1530 eorum
806 1503 869 1531 odio
883 1510 949 1538 quos

159 1548 302 1582 interfecit,
314 1555 339 1576 et
353 1549 460 1582 invidia,
476 1548 524 1576 sed
539 1553 568 1576 ut
579 1556 682 1581 eorum,
694 1549 739 1584 qui
751 1548 948 1583 superfuerant,

158 1595 237 1623 saluti
255 1595 424 1628 consuleret,
441 1595 490 1622 hoc
504 1594 631 1630 suscepit.
657 1594 728 1621 Duos
750 1592 903 1627 interfecit,
923 1598 951 1621 et

159 1642 288 1669 Infinitam
313 1641 449 1669 hominum
471 1641 665 1668 multitudinem
688 1641 814 1668 servavit.
836 1640 951 1668 Perinde

158 1693 247 1715 autem
263 1687 325 1715 fecit
338 1694 370 1715 ac
381 1686 479 1715 medici
493 1687 591 1720 solent,
604 1686 648 1722 qui
665 1691 752 1721 partes
764 1685 884 1720 corporis
899 1693 950 1721 pu-

159 1737 306 1761 trescentes
315 1732 484 1768 amputando,
498 1732 628 1768 integrum
639 1736 665 1759 et
675 1739 768 1759 sanum
779 1738 876 1765 corpus
885 1738 951 1758 con-

159 1783 289 1808 servant:
306 1779 345 1806 sic
358 1783 385 1806 et
405 1779 450 1806 ille
469 1777 541 1806 fecit.
564 1778 709 1813 Propterea
731 1777 870 1804 Psalmista
889 1777 926 1803 ait
942 1785 949 1803 :

159 1825 235 1853 Stetit
249 1824 375 1858 Phineas,
391 1829 414 1851 et
429 1824 537 1860 placavit
546 1844 553 1856 ,
568 1829 590 1851 et
604 1824 707 1851 cessavit
720 1823 858 1859 quassatio,
869 1827 894 1849 et
906 1831 948 1850 re-

160 1877 275 1908 putatum
283 1877 318 1900 est
329 1871 367 1899 illi
379 1871 413 1898 ad
419 1872 556 1905 justitiam,
571 1879 587 1897 η
600 1871 759 1906 generatione
769 1870 804 1897 ad
815 1869 953 1906 generatio-

160 1925 217 1944 nem
227 1937 234 1950 ,
250 1925 327 1952 usque
347 1917 373 1944 in
391 1917 568 1950 sempiternum
581 1916 591 1952 (
606 1915 679 1944 Prol.
694 1915 755 1943 l05.
770 1915 805 1943 50
817 1914 826 1951 )
840 1923 846 1941 :
863 1915 952 1949 itaque

160 1962 317 1990 immortalis
325 1961 402 1996 hujus
411 1967 483 1989 recte
491 1962 550 1989 facti
559 1962 685 1989 memoria
695 1965 839 1996 permanet.
850 1961 951 1988 Rursus

160 2007 226 2034 alius
244 2007 329 2034 oravit
341 2011 368 2034 et
379 2007 513 2034 lacessivit
530 2007 611 2034 Deum
626 2015 634 2034 :
647 2007 714 2034 adeo
727 2011 768 2034 est
781 2005 881 2041 aliquid
898 2013 951 2032 non

161 2059 269 2089 propter
284 2054 367 2082 Deum
389 2053 478 2082 facere
494 2063 501 2082 :
517 2054 680 2082 Phariswum
700 2053 760 2082 dico
784 2053 869 2089 (Luc.
884 2053 918 2080 i8
928 2052 950 2088 ).

158 2099 213 2129 Sed
225 2099 448 2135 quemadmodum
461 2099 575 2127 Pbiuees
589 2099 668 2127 etiam
681 2106 742 2127 cum
755 2098 854 2126 caedem
869 2097 949 2125 fecis-

666 115 821 146 llOlllLlE
843 118 887 146 DE
906 119 1053 149 LAZARO.
1069 137 1103 143 —-
1118 121 1291 153 MONITUM.

1743 134 1796 162 one

1001 181 1062 210 set,
1077 179 1208 213 gratiosus
1221 182 1292 217 apud
1313 183 1396 212 Deum
1419 184 1486 214 fuit:
1501 185 1541 214 sic
1553 191 1581 215 et
1603 188 1653 216 iste
1674 197 1727 217 non
1746 197 1794 225 per

1004 224 1183 258 precationem
1194 227 1313 263 offendit,
1326 229 1374 257 sed
1386 238 1435 265 per
1446 232 1527 259 animi
1539 233 1715 267 affectionem,
1728 243 1795 269 qua-

1003 276 1064 314 cum
1078 271 1246 306 precabatur,
1260 274 1399 310 prolapsus
1411 281 1461 304 est.
1476 277 1514 305 lta
1526 277 1606 306 etiam
1620 279 1642 306 si
1657 279 1794 314 spirituale

1004 313 1101 349 aliquid
1113 315 1210 351 fuerit,
1226 318 1248 345 si
1265 324 1352 347 tamen
1367 326 1476 356 propter
1490 323 1573 350 Deum
1588 331 1640 351 non
1656 313 1718 358 ﬁat,
1732 331 1794 353 cum

1004 360 1098 393 primis
1111 361 1184 389 illutn
1199 363 1286 397 laedit,
1301 366 1346 400 qui
1367 367 1438 394 facit.
1454 368 1683 401 Quemadmodum
1701 371 1723 398 si
1741 371 1794 398 ali-

1003 405 1066 440 quid
1085 408 1214 436 szecularc
1233 416 1341 445 propter
1360 412 1441 439 Deum
1460 414 1514 447 ﬁat,
1529 414 1670 442 admodum
1687 415 1794 450 adjuvat

1003 457 1075 484 eum,
1089 452 1133 486 qui
1154 460 1214 481 cum
1235 455 1356 490 religiosa
1379 457 1405 484 id
1427 458 1489 486 facit
1512 465 1610 487 mente.
1633 460 1701 494 Quid
1721 462 1792 489 enim

1002 497 1075 525 cattle
1089 500 1194 533 gravius
1207 506 1254 528 aut
1271 502 1425 532 horribilius
1439 512 1498 532 esse
1513 507 1620 540 potest?
1633 506 1736 534 Justum
1752 512 1792 535 ta-

1002 550 1063 570 men
1078 543 1167 572 cﬁ'ecit
1178 553 1239 573 eum
1253 548 1298 582 qui
1319 548 1345 575 id
1360 556 1439 577 ausus
1452 554 1502 578 est.
1514 551 1624 584 Qualem
1636 559 1700 587 ergo
1712 560 1792 580 excu-

1001 589 1131 617 sationem
1144 591 1301 621 habebimus
1312 602 1360 622 nos
1370 616 1377 628 ,
1389 596 1434 630 qui
1442 596 1554 624 dicimus
1566 605 1598 624 ex
1611 599 1734 625 omnibus
1748 606 1791 626 re-

1002 633 1052 661 bus
1062 635 1218 665 lucrifacere
1228 643 1256 665 et
1265 639 1353 666 omnia
1368 645 1476 676 propter
1487 641 1570 669 Deutn
1584 649 1632 669 nos
1642 643 1727 671 facere
1738 651 1792 672 non

1002 686 1098 714 posse,
1112 688 1173 709 cum
1192 682 1358 712 inveniamus
1372 686 1452 713 etiam
1465 687 1510 721 qui
1520 694 1535 713 e
1551 687 1624 715 unde
1638 688 1740 716 lucrum
1755 689 1792 715 fe~

1001 726 1114 753 cerunt?
1128 726 1156 754 Si
1167 728 1284 756 animum
1295 729 1433 758 advertere
1448 732 1618 765 voluerimus,
1629 733 1686 760 sive
1698 740 1792 760 emen-

1001 771 1081 805 dutn,
1096 772 1153 800 sive
1173 775 1342 803 vendenduut
1363 777 1415 809 sit,
1440 777 1467 804 in
1487 781 1540 805 tota
1558 778 1610 805 vita
1627 778 1791 814 spiritualeut

1002 817 1071 845 hanc
1084 824 1259 847 mercaturam
1273 820 1401 849 faciemus
1417 831 1424 849 :
1441 827 1469 850 ut
1483 824 1505 850 si
1520 823 1636 858 legitimo
1650 825 1735 859 pretio
1750 826 1792 852 tti-

1001 861 1039 889 ltil
1053 863 1166 898 amplius
1180 865 1356 901 requiramus,
1370 867 1552 895 difﬁcultatent
1565 877 1679 897 annnme
1691 877 1791 905 nequa-

1001 915 1081 943 quam
1089 909 1271 945 observemus,
1283 916 1310 939 et
1321 917 1375 939 tum
1384 913 1523 948 egentibus
1533 914 1718 942 divendamus.
1731 915 1791 942 Ma-

1002 954 1106 982 ledicta;
1119 956 1185 982 enim
1194 976 1201 988 ,
1214 956 1309 992 inquit,
1324 958 1377 990 ille,
1390 959 1434 993 qui
1447 959 1566 994 frumenti
1578 960 1706 986 caritatem
1718 965 1794 996 auget

1002 1000 1012 1035 (
1027 999 1103 1028 Prov.
1117 1002 1160 1029 ll.
1171 1001 1235 1038 26).
1248 1003 1301 1030 Sed
1313 1003 1376 1038 quid
1388 1009 1493 1039 oportet
1505 1005 1608 1040 singula
1620 1013 1790 1040 percensere.

1002 1046 1061 1075 Uno
1075 1049 1197 1084 exemplo
1215 1050 1304 1077 omnia
1318 1050 1467 1086 colligenda
1486 1051 1599 1080 fuerant.
1617 1052 1792 1086 Quemadmo-

1001 1094 1064 1122 dum
1078 1095 1149 1122 enim
1162 1095 1337 1124 aedificatores
1351 1105 1411 1124 cum
1427 1105 1531 1125 murum
1543 1099 1703 1126 exstructuri
1717 1103 1792 1132 sunt,

1001 1141 1127 1168 amussim
1141 1141 1175 1169 ab
1185 1143 1281 1177 angulo
1290 1142 1324 1169 ad
1336 1143 1461 1178 angulum
1473 1143 1581 1175 ducunt,
1595 1148 1675 1179 atque
1688 1144 1723 1171 ita
1735 1152 1792 1171 mu-

1002 1194 1061 1214 rum
1074 1185 1240 1220 construunt,
1253 1193 1282 1215 ut
1296 1189 1404 1216 minime
1417 1189 1556 1224 iumqualis
1569 1189 1626 1224 ejus
1639 1189 1793 1224 superﬁcies

1001 1233 1113 1260 exsistat
1129 1242 1135 1260 :
1147 1234 1185 1261 sic
1199 1238 1225 1261 et
1239 1241 1287 1261 nos
1300 1242 1349 1269 pro
1360 1235 1459 1261 amussi
1472 1235 1583 1262 verbum
1599 1234 1649 1262 hoc
1663 1234 1792 1262 adhibea-

1001 1286 1062 1306 mus
1073 1279 1143 1314 quod
1156 1279 1224 1314 apud
1232 1278 1387 1314 Apostolum
1402 1283 1443 1308 est
1455 1288 1461 1306 :
1473 1280 1532 1308 Siue
1544 1280 1627 1314 editis,
1638 1281 1688 1307 sive
1699 1280 1790 1314 bibitis,

1001 1326 1052 1352 sive
1072 1325 1133 1361 quid
1151 1326 1221 1353 aliud
1243 1327 1325 1362 facitis
1339 1346 1347 1359 ,
1369 1327 1453 1354 omnia
1470 1327 1503 1354 ad
1522 1327 1629 1363 gloriam
1651 1327 1696 1354 Dei
1719 1327 1794 1362 facile

1002 1370 1013 1407 (
1026 1371 1049 1398 l.
1064 1371 1123 1398 Cor.
1134 1370 1176 1398 l0.
1187 1369 1243 1407 51).
1257 1371 1318 1400 Sive
1325 1379 1389 1407 ergo
1399 1379 1548 1406 precemur,
1562 1372 1618 1399 sive
1630 1372 1792 1407 jejunemus,

1001 1417 1058 1445 sive
1070 1424 1234 1453 accusemus,
1245 1417 1302 1445 sive
1311 1417 1502 1451 condonemus,
1521 1418 1577 1445 sive
1587 1417 1724 1445 laudemus
1739 1418 1795 1445 sive

1002 1464 1183 1498 vituperemus
1195 1482 1203 1496 ,
1224 1463 1281 1491 sive
1303 1463 1483 1498 ingrediamur
1502 1463 1559 1491 sive
1572 1470 1715 1496 exeamus,
1738 1462 1794 1490 sive

1003 1508 1150 1536 vendamus
1168 1509 1225 1536 sive
1244 1515 1373 1543 emamus,
1391 1509 1448 1536 sive
1461 1513 1596 1536 taceamus
1608 1508 1664 1536 sive
1676 1508 1795 1543 dispute-

1002 1562 1073 1588 mus,
1088 1555 1144 1582 sive
1153 1554 1223 1582 aliud
1236 1554 1299 1590 quid
1312 1554 1458 1582 faciamus:
1472 1554 1561 1582 omnia
1572 1554 1605 1581 ad
1617 1554 1730 1589 gloriam
1744 1553 1794 1581 Dei

1003 1600 1148 1633 faciamus.
1164 1605 1191 1628 et
1204 1600 1226 1628 si
1248 1600 1311 1636 quid
1325 1600 1358 1628 ad
1373 1601 1484 1636 gloriam
1504 1601 1549 1627 Dei
1572 1607 1624 1627 non
1643 1600 1792 1635 pertineat,

1003 1646 1068 1674 illud
1083 1654 1167 1681 neque
1181 1646 1251 1674 facto
1261 1667 1269 1680 ,
1283 1654 1368 1681 neque
1378 1646 1449 1673 dicto
1460 1653 1475 1673 a
1489 1646 1565 1673 nobis
1577 1650 1733 1680 usurpetur;
1747 1644 1794 1673 sed

1004 1700 1053 1728 pro
1067 1693 1161 1720 baculo
1175 1700 1280 1728 magno,
1295 1700 1344 1728 pro
1358 1693 1451 1726 artnis,
1466 1699 1514 1727 pro
1529 1691 1661 1727 prmsidio,
1674 1699 1722 1727 pro
1736 1692 1794 1719 the-

1003 1738 1089 1765 sauris
1100 1737 1247 1771 immensis,
1256 1737 1416 1773 ubicumque
1428 1737 1521 1770 simus,
1534 1737 1586 1764 hoc
1596 1736 1695 1764 dictum
1705 1736 1795 1763 animo

1005 1784 1180 1813 inscribeutes
1190 1804 1198 1817 ,
1214 1783 1352 1811 nobiscum
1365 1783 1584 1811 circumferamus
1593 1803 1601 1816 ,
1616 1787 1645 1810 ut
1658 1782 1745 1809 omnia
1760 1781 1794 1809 ad

1003 1830 1113 1866 gloriam
1130 1829 1177 1857 Dei
1195 1829 1337 1861 facientes,
1353 1829 1491 1864 loquentes
1503 1848 1510 1860 ,
1528 1828 1719 1863 suscipientes,
1737 1831 1794 1854 tum

1006 1877 1058 1908 hic,
1073 1881 1129 1903 tum
1142 1881 1202 1911 post
1215 1875 1293 1911 hujus
1307 1876 1368 1902 vitae
1383 1875 1623 1910 peregrinationem
1637 1874 1748 1910 gloriam
1760 1874 1794 1901 ab

1004 1930 1037 1950 eo
1051 1929 1255 1956 consequamur.
1272 1921 1315 1948 Ait
1326 1921 1398 1948 enim
1413 1929 1420 1947 :
1436 1920 1525 1947 Gloria
1534 1920 1667 1956 inﬁcientes
1679 1928 1728 1952 me,
1742 1920 1794 1955 glo-

1004 1968 1044 1995 ria
1053 1968 1161 2003 afficiam
1173 1967 1209 2003 (l.
1223 1966 1287 2002 Reg.
1297 1967 1325 1993 2.
1340 1966 1397 2002 30).
1408 1965 1466 1993 Non
1480 1965 1557 1993 dictis
1570 1973 1644 2000 ergo,
1655 1966 1703 1993 sed
1718 1964 1794 1992 factis

1005 2014 1069 2048 ipsis
1080 2014 1153 2040 illum
1165 2012 1270 2039 assidue
1281 2011 1363 2047 gloria
1376 2011 1522 2038 afﬁciamus
1540 2017 1600 2038 cum
1611 2011 1716 2038 Christo
1739 2010 1795 2038 Deo

1006 2065 1097 2087 nostro
1113 2067 1120 2086 :
1136 2060 1196 2094 quia
1213 2059 1286 2086 illum
1298 2058 1375 2086 decet
1386 2058 1475 2085 omnis
1488 2057 1581 2092 gloria.
1598 2057 1684 2084 honor
1694 2060 1722 2084 et
1730 2056 1795 2084 ado-

1006 2107 1084 2138 ratio,
1096 2112 1166 2133 nunc
1174 2109 1203 2132 et
1210 2111 1316 2140 semper
1330 2108 1358 2132 et
1369 2103 1396 2132 in
1408 2103 1506 2131 saecula
1515 2103 1683 2131 saeculorum.
1696 2102 1793 2130 Amen.

173 2223 1782 2239 mw

875 2297 1071 2329 MONITUM.

171 2400 284 2428 prorsus
302 2391 375 2419 nulla
398 2398 458 2419 esse
480 2390 656 2427 probavimus
677 2398 705 2418 Ill
726 2389 828 2418 Monito
852 2396 954 2425 praece-

173 2437 247 2465 denti
261 2437 295 2464 ad
312 2437 453 2464 homiliam
466 2437 494 2463 in
509 2435 655 2468 Kalendas,
668 2435 715 2463 ubi
731 2435 793 2463 vide
811 2435 860 2463 sis.

208 2480 296 2509 Hasce
307 2488 373 2508 vero
392 2481 538 2508 conciones
554 2484 753 2514 consequenter
770 2479 874 2512 habuit,
887 2487 955 2514 pau-

172 2528 267 2562 cisque
293 2527 461 2562 interpositis
483 2527 553 2554 inter
574 2526 696 2561 singulas
722 2525 827 2553 diebus.
853 2525 954 2553 Earum

173 2580 256 2608 porro
275 2580 385 2600 cursum
412 2573 580 2608 intercepere
595 2572 664 2600 festa
688 2572 775 2600 sancti
790 2571 906 2608 Babylze,
928 2576 956 2600 ct

173 2624 330 2647 sanctorum
345 2618 482 2647 Juventini
496 2625 523 2647 et
537 2619 678 2648 Maximini
698 2625 859 2655 martyrum,
883 2627 953 2654 quo-

171 2675 231 2694 rum
246 2667 370 2694 cncomia
383 2671 412 2694 ut
424 2666 573 2694 celebraret
585 2666 808 2702 Chrysostomus.
825 2670 951 2700 quartam

169 2712 204 2739 de
216 2712 320 2740 Lazaro
334 2712 474 2740 houtiliam
488 2713 591 2747 aliquot
608 2713 703 2740 diebus
724 2712 827 2740 tardius
846 2712 952 2746 habuit,

171 2762 201 2785 ut
216 2758 276 2793 ipse
296 2761 388 2785 monet
406 2758 484 2785 initio
507 2763 622 2793 quartat.
654 2757 726 2786 Cave
757 2762 846 2785 autem
874 2763 952 2792 putes

173 2804 256 2836 illam,
270 2811 351 2840 quam
362 2804 464 2833 ibidem
478 2809 622 2838 memerat,
640 2804 668 2832 in
682 2808 806 2833 sanctum
824 2803 951 2840 Bahylam

1001 2390 1173 2425 concionem,
1190 2397 1251 2418 esse
1264 2390 1363 2418 librum
1375 2389 1450 2417 illum
1465 2389 1599 2425 prolixum
1619 2390 1647 2418 in
1660 2395 1783 2419 sanctum

1002 2438 1132 2474 Babylam
1156 2442 1184 2465 et
1205 2441 1302 2464 contra
1319 2436 1444 2471 gentiles,
1461 2440 1491 2463 ut
1514 2435 1679 2463 existimavit
1702 2439 1728 2462 et
1758 2436 1784 2462 in

1002 2483 1243 2522 marginenotavit
1260 2481 1363 2510 Fronto
1385 2481 1509 2509 Ducaeus.
1538 2480 1606 2508 Nam
1629 2483 1658 2508 ut
1683 2481 1710 2507 in
1728 2481 1785 2507 Ilo-

1003 2529 1061 2556 nito
1073 2528 1107 2555 ad
1124 2527 1264 2555 hontiliam
1278 2527 1305 2554 in
1318 2526 1445 2562 Babylam
1456 2531 1482 2553 et
1492 2526 1525 2553 ad
1536 2533 1673 2553 annexum
1686 2525 1785 2552 librum

1003 2574 1137 2607 dicemus,
1151 2574 1196 2601 hic
1220 2574 1277 2608 ipse
1292 2573 1359 2600 liber
1373 2580 1511 2606 nunquam
1526 2571 1578 2599 fuit
1599 2572 1626 2599 in
1640 2575 1713 2600 cmtu
1737 2571 1787 2599 Ec-

1005 2621 1098 2649 clesia:
1122 2619 1335 2656 pronuntiatus;
1353 2626 1403 2646 nec
1424 2619 1459 2645 ob
1477 2618 1660 2653 prolixitatem
1678 2618 1786 2652 potuit:

1003 2666 1051 2694 sed
1067 2666 1156 2701 agitur
1172 2665 1227 2692 illic
1242 2666 1276 2692 de
1293 2664 1405 2692 homilia
1427 2665 1454 2691 in
1474 2663 1613 2699 Babylam,
1640 2668 1671 2691 ut
1687 2664 1787 2698 cuique

1003 2719 1060 2740 rem
1081 2710 1234 2746 inspicienti
1250 2711 1338 2745 palam
1358 2710 1421 2737 erit.

1041 2757 1164 2791 Quatuor
1176 2757 1296 2792 priorum
1323 2756 1356 2783 de
1376 2756 1480 2783 Lazaro
1504 2755 1679 2783 homiliarum
1702 2756 1788 2783 inter-

1004 2802 1120 2838 pretatio
1140 2807 1180 2830 cst
1199 2801 1315 2835 Erasmi,
1333 2801 1437 2837 aliquot
1454 2801 1480 2830 iu
1501 2801 1568 2830 locis
1578 2801 1732 2830 emendata.
