2045 3116
268 85 319 114 965

641 100 668 130 5.
688 102 825 131 JOANNIS
843 100 1073 130 cunvsosrout
1093 101 1251 131 ARCIHEP.
1273 99 1542 132 CONSTANTINOP.

1847 101 1904 130 964

1489 427 1509 438 ,ι

256 452 387 474 ιιοκῑιιΔ
411 452 577 475 Ροδτιιιυιιζ
597 453 761 476 κΑιεΝυΑε
782 454 963 477 ΔΝΤΙΟΟΠΙᾹΞ
993 453 1022 476 ΒΑ

1074 456 1111 477 ra
1139 452 1180 477 nt:
1202 456 1254 483 ns,
1278 452 1331 482 oui
1366 451 1601 484 INEBRIANTUR,
1625 457 1730 484 neque
1751 458 1792 480 ns
1824 458 1883 485 om

295 492 468 514 COMMEANT
483 493 524 514 AD
545 493 703 515 CAUPONAS
717 507 725 522 ,
749 494 867 520 QUIQUE
893 495 1035 516 CHOREAS
1059 490 1186 516 DUCUNT
1207 496 1266 517 PER
1288 496 1460 519 CIVITATEM
1483 498 1491 518 ε

1516 497 1688 518 PRAETEREA
1709 498 1794 523 QUOD
1816 498 1881 519 NON

294 531 457 553 OPORTEA'I'
479 532 713 555 PII/ECEP'I‘OREM
735 534 916 555 DESPERARE
939 535 979 555 DE
1001 535 1021 554 D

1074 535 1185 563 lPULlS,
1201 535 1329 557 ETIAMSI
1352 537 1382 557 IN
1398 537 1541 558 PRESENS
1559 536 1620 558 NON
1634 536 1881 559 οΒΤΕΜΡειιεκτε

296 571 459 593 POSTREMO
481 572 521 592 DE
543 572 662 593 LAZARO
683 573 823 595 MENDICO
857 574 895 595 AC
918 574 958 594 DE
981 574 1099 595 DIVITE.

511 737 603 758 CONCIO
622 738 699 758 PIIIIIA
715 735 738 767 (ι.
746 732 766 763 ).

278 775 302 802 l.
325 775 480 803 Hesternum
494 776 575 810 diem,
589 784 649 804 cum
663 782 735 804 esset
749 777 843 804 festum
858 777 972 809 Satanae,
988 775 1026 804 fe-

241 823 314 849 cistis
329 823 423 850 festum
440 823 553 858 Spiritus
565 844 574 856 ,
591 824 652 858 quia
668 823 751 850 multo
764 830 824 850 cum
844 823 924 850 animi
938 822 1026 850 studio

242 868 377 901 recepistis
398 876 440 901 ea,
462 877 519 903 qua:
535 876 549 895 a
563 869 639 896 nobis
651 869 816 902 dicebantur,
831 869 1026 904 maximamque

241 913 293 940 diei
307 919 406 948 partem
422 914 446 941 in
458 922 490 942 eo
502 915 712 950 consumpsistis,
722 915 786 942 ebrii
797 915 949 942 temulentia
960 923 1026 950 qua-

241 959 303 985 dam
323 959 475 986 sobrietatis
489 960 564 994 plena
577 981 585 993 ,
600 967 712 995 cumque
728 960 809 987 Paulo
821 959 948 987 ducentes
962 960 1026 986 cho-

240 1011 309 1030 reas.
324 1003 379 1037 Qua
392 1004 497 1039 quidem
511 1012 544 1032 ex
563 1012 592 1032 re
604 1005 679 1033 vobis
696 1006 828 1040 geminum
849 1007 962 1033 accrevit
984 1006 1026 1033 lu-

241 1056 326 1081 crum,
340 1049 452 1083 primum
466 1050 536 1084 quod
549 1050 582 1077 ab
595 1050 717 1078 inde-cara
731 1051 934 1079 temulentorum
947 1051 1026 1079 salta-

242 1095 312 1122 tionc
327 1095 490 1123 abstinuistis
502 1116 509 1128 ,
532 1095 628 1123 deinde
645 1097 714 1131 quod
734 1097 896 1132 spiritalibus
909 1098 1026 1125 saltastis

240 1140 371 1174 tripudiis,
383 1141 476 1176 quibus
486 1141 626 1176 plurimum
635 1143 710 1170 adest
720 1142 824 1170 decoris
832 1151 864 1170 ac
876 1144 1024 1172 modestiic.

241 1186 280 1213 Ad
296 1186 353 1213 lucc
366 1187 435 1222 qttod
449 1188 559 1215 eratcris
573 1188 713 1223 participes
732 1188 819 1217 fuistis
831 1209 839 1221 ,
858 1197 911 1216 non
931 1196 1005 1217 mero
1015 1210 1023 1222 ,

309 1233 418 1266 spiritali
441 1233 560 1260 doctrina
583 1233 774 1268 redundantis;
796 1239 875 1270 atque
894 1236 943 1270 ipsi
961 1235 1025 1263 tibia

240 1277 393 1312 citharaque
416 1277 500 1306 fuistis
523 1279 630 1313 Spiritui
652 1285 745 1307 sancto
770 1289 777 1308 :
797 1288 909 1315 cumque
934 1281 1024 1308 cmteri

240 1322 336 1349 choros
354 1323 479 1351 ducerent
500 1324 606 1352 diabolo
619 1346 626 1358 ,
649 1333 697 1352 vos
716 1333 748 1353 eo
760 1326 830 1360 quod
851 1326 901 1354 hoc
918 1326 944 1353 in
965 1326 1025 1354 loco

239 1369 423 1402 versabamini,
436 1369 583 1404 pra-buistis
593 1378 639 1398 vos
653 1371 723 1405 ipsos
733 1379 830 1406 organa
843 1379 958 1406 vasaque
971 1371 1025 1406 spi-

239 1415 335 1448 ritalia,
351 1415 557 1451 exhibuistisque
573 1417 673 1444 animas
688 1422 789 1444 vestras
804 1425 852 1445 ceu
868 1418 966 1446 musiCa
984 1418 1024 1444 iti-

238 1466 395 1495 strumenta,
410 1469 469 1497 qua:
481 1462 594 1497 Spiritus
606 1468 711 1490 sanctus
725 1464 851 1498 pulsaret,
863 1469 891 1492 et
904 1465 929 1491 in
943 1464 1023 1492 corda

239 1512 324 1534 vestra
347 1508 457 1542 gratiam
481 1516 554 1535 suam
582 1509 732 1544 inspiraret.
759 1509 835 1537 Unde
860 1509 1023 1537 modulatum

238 1557 393 1579 concentum
405 1553 563 1585 reddidistis,
578 1562 630 1581 non
644 1555 727 1581 solum
742 1554 861 1582 homines
872 1555 1023 1583 demulcen-

239 1603 302 1630 teui,
319 1606 408 1625 verum
422 1599 499 1626 etiam
515 1607 642 1634 supernas
656 1601 766 1627 virtutes
783 1601 968 1628 dt’lcclantcm.

275 1643 340 1670 Muli
354 1652 402 1670 ttou
416 1645 566 1678 iii/amandi,
581 1645 624 1672 sed
633 1646 782 1681 corrigendi.
792 1647 881 1680 —Age
893 1647 980 1681 ilaquc
993 1650 1021 1674 et

240 1689 318 1716 hodie
343 1689 472 1716 adversus
497 1690 652 1717 ebrietatem
679 1699 813 1717 armemus
829 1691 960 1726 linguam,
983 1692 1021 1720 is-

239 1739 344 1768 lamqttc
357 1735 435 1762 vitam
447 1735 577 1763 madidam
593 1743 624 1763 ac
638 1736 791 1763 dissolutam
805 1742 1020 1770 III'JSLCI'IIMIIUS:

239 1781 419 1815 vituperamus
439 1781 503 1808 istos
516 1783 560 1816 qui
575 1783 600 1809 in
622 1790 653 1809 ea
670 1782 731 1809 totis
744 1783 838 1809 diebus
864 1789 1019 1817 versantur,

239 1834 291 1852 non
306 1830 333 1852 ut
346 1826 405 1853 illos
421 1826 618 1861 pudefaciamns
628 1848 636 1861 ,
650 1828 695 1854 sed
712 1833 738 1854 ut
759 1836 806 1856 cos
829 1827 863 1855 ab
877 1829 1021 1864 ignominia

237 1872 395 1899 liberemus:
412 1881 463 1900 non
478 1878 507 1900 ut.
521 1874 579 1900 illos
590 1874 692 1908 probris
704 1873 859 1908 afficiamus,
876 1875 929 1902 sod‘
937 1880 964 1902 ut
975 1882 1021 1903 eos

237 1918 400 1951 corrigamus
417 1927 423 1945 :
437 1926 489 1945 non
506 1925 533 1946 ut
546 1920 605 1947 illos
621 1920 806 1953 traducamus,
822 1921 868 1948 sed
891 1926 919 1948 tit
932 1922 965 1949 ab
978 1922 1020 1950 in-

237 1962 298 1990 l‘aini
315 1964 479 1992 traductione
492 1985 500 1998 ,
524 1970 551 1993 et
571 1973 586 1993 a
599 1966 696 1994 diaboli
721 1967 843 1994 manibus
865 1968 1018 2003 eripiamus.

235 2009 359 2043 Quisquis
372 2011 441 2036 enim
456 2010 482 2037 in
499 2011 650 2038 temulentia
666 2017 736 2039 totos
751 2013 805 2046 agit
818 2013 889 2046 dies,
901 2014 1020 2048 quisquis

234 2054 260 2080 in
275 2055 376 2082 deliciis
390 2060 416 2082 et
430 2056 634 2091 ingurgitationc
645 2078 653 2090 ,
667 2057 716 2084 sub
729 2057 825 2085 diaboli
851 2059 1019 2094 tyrannidem

235 2100 358 2127 redactus
380 2106 431 2128 est.
448 2103 534 2136 Atque
548 2103 648 2130 utinam
660 2104 745 2130 oratio
770 2110 860 2131 nostra
885 2105 1019 2139 profectus

233 2147 330 2181 aliquid
343 2146 445 2174 atl'erat.
460 2147 535 2180 Quod
550 2148 571 2175 si
585 2153 643 2182 post
664 2153 782 2176 nostram
802 2150 881 2177 etiam
899 2151 1019 2179 admoni-

233 2193 331 2220 tionem
343 2192 369 2219 in
382 2193 474 2220 iisdem
486 2193 555 2220 vitiis
566 2195 801 2229 perseveraverint,
816 2203 849 2223 ne
862 2197 900 2224 sic
911 2198 1016 2232 quidem

233 2245 281 2264 nos
304 2237 465 2264 desistemus
490 2238 543 2265 illis
565 2239 634 2273 quod
669 2245 769 2267 rectum
796 2247 836 2268 cst
859 2243 1015 2277 consulere;

231 2283 444 2317 quandoquidem
456 2288 482 2309 et
495 2290 621 2318 aquarum
637 2292 710 2312 vena:
720 2306 727 2319 ,
743 2286 845 2313 etiantsi
867 2288 956 2315 nullus
970 2296 1016 2316 ve-

232 2328 287 2354 niat
300 2332 424 2362 aquatum
437 2349 444 2361 ,
468 2334 576 2357 manant
601 2335 687 2357 tamen
704 2339 711 2357 :
727 2337 753 2359 et
772 2331 873 2366 fontes,
896 2335 1016 2368 quamvis

234 2372 338 2399 hauriat
350 2381 428 2400 nemo
439 2394 446 2406 ,
461 2378 549 2401 tamen
565 2375 697 2403 scatebras
711 2377 834 2404 emittttnt
847 2386 854 2405 :
869 2382 997 2407 etamnes
1007 2401 1014 2413 ,

230 2417 332 2445 etiamsi
343 2425 419 2445 nemo
430 2419 511 2452 bibat,
522 2419 603 2446 nihilo
616 2421 702 2448 secius
714 2422 806 2448 ﬂuunt:
820 2423 858 2450 sie
872 2429 973 2458 oportet
989 2430 1016 2452 et

230 2463 303 2489 illum
316 2462 359 2497 qui
370 2464 554 2498 cnncionatur,
568 2467 685 2500 quamvis
701 2467 789 2494 nullus
807 2469 955 2503 auscultet,
973 2475 1014 2497 ta-

231 2516 291 2535 men
304 2514 430 2542 prmstarc
443 2511 568 2546 quidquid
583 2513 608 2538 in
624 2512 681 2546 ipso
694 2513 772 2540 situm
785 2518 835 2540 est.

269 2553 341 2580 Verbi
351 2555 460 2582 minister
467 2565 601 2592 numquam
611 2565 707 2585 cessare
717 2559 786 2586 debet
795 2560 825 2586 ab
831 2560 919 2595 ofﬁcio.
932 2561 1013 2589 —-Si-

227 2601 332 2636 quidem
356 2600 416 2629 lucc
431 2602 473 2630 lex
492 2604 568 2630 nobis
580 2624 588 2637 ,
603 2604 646 2638 qui
661 2605 730 2632 sacri
752 2607 882 2634 sermonis
902 2607 1013 2634 admini-

226 2648 382 2675 strationem
398 2649 572 2683 suscepimus,
584 2658 598 2676 a
609 2651 722 2685 benigno
734 2653 884 2687 pra‘scripta
894 2658 934 2680 est
946 2653 1010 2686 Deo,

226 2701 260 2720 ne
273 2701 397 2728 umquam
413 2694 482 2729 quod
497 2695 602 2730 quidem
617 2696 642 2723 in
658 2697 733 2724 nobis
748 2697 826 2724 fuerit
838 2698 924 2726 facere
936 2699 1011 2726 dela-

226 2739 418 2773 Iigcmnrmec
442 2741 497 2768 ullo
525 2746 643 2776 tempore
669 2743 813 2777 sileamus,
836 2745 891 2772 sive
905 2745 939 2772 sit
964 2746 1008 2780 qui

255 2799 292 2836 ες)
303 2799 390 2836 Collata
401 2807 456 2836 cum
467 2805 519 2826 Mss.
527 2804 606 2836 Regiis
616 2803 683 2836 ista.
698 2804 764 2835 1852,
779 2804 847 2836 1952,
861 2805 929 2836 toea.
942 2806 1010 2836 1963,

224 2831 291 2862 1967,
306 2832 447 2858 (biberunt:
460 2840 516 2858 vero
532 2831 567 2862 l9,
580 2834 635 2863 aut.
649 2835 717 2860 1050.

1082 730 1234 761 auscultet,
1249 727 1306 757 sive
1321 728 1359 757 sit
1373 729 1420 765 qui
1439 734 1626 767 pmtercurrat
1647 730 1782 765 negligens
1797 737 1831 764 qn
1842 731 1867 758 ιιι

1081 776 1188 803 dicitur.
1202 775 1268 803 Nam
1283 780 1311 803 et
1326 769 1472 810 lcrcmias,
1488 784 1548 803 cum
1570 775 1669 803 Judacis
1684 776 1765 802 multa
1788 775 1870 802 iniui-

1081 827 1139 850 tans
1150 842 1158 856 ,
1172 823 1293 858 malaque
1315 823 1478 851 imminentia
1492 822 1638 858 prtedieens
1649 843 1657 855 ,
1679 822 1713 849 ab
1734 822 1870 849 audienti-

1081 868 1130 895 bus
1141 868 1351 896 subsannarctur
1361 889 1370 902 ,
1393 873 1501 904 totoque
1515 868 1558 896 die
1571 868 1702 896 rideretur
1712 889 1720 902 ,
1736 868 1873 903 cogitabat

1080 915 1114 942 ab
1129 915 1174 942 illa
1189 915 1326 950 prophetia
1349 915 1479 942 desistere
1489 935 1497 948 ,
1521 914 1647 941 nimirum
1661 913 1776 941 humano
1800 922 1871 949 quo-

1080 959 1140 987 dam
1153 960 1249 987 atTectu
1265 961 1350 988 victus
1362 981 1369 992 ,
1396 967 1492 987 sanuas
1507 959 1566 987 illas
1587 963 1615 987 et
1637 959 1754 986 convicia
1767 960 1872 994 perpeti

1080 1013 1133 1032 non
1147 1005 1237 1032 valens
1249 1027 1256 1037 ,
1269 1006 1357 1040 aitque
1373 1015 1379 1032 ε
1396 1004 1491 1032 Factus
1505 1013 1561 1031 sum
1580 1005 1703 1032 ridiculus
1724 1009 1775 1031 toto
1802 1004 1846 1031 die
1856 1024 1865 1038 ,

1081 1050 1134 1077 diri
1151 1059 1160 1077 .'
1171 1059 1220 1077 non
1233 1050 1321 1085 loquar
1333 1071 1340 1083 ,
1355 1059 1432 1085 neque
1447 1050 1580 1077 nominabo
1602 1058 1692 1077 nomen
1710 1049 1831 1082 Domini,
1849 1054 1873 1076 et

1082 1097 1165 1132 factus
1175 1102 1210 1124 est
1230 1097 1257 1123 in
1279 1105 1319 1123 me
1331 1097 1396 1124 velut
1419 1096 1485 1132 ignis
1499 1095 1591 1123 ardens
1603 1116 1610 1129 ,
1634 1100 1708 1131 atque
1719 1101 1830 1122 mutans
1846 1096 1872 1122 in

1081 1141 1178 1169 auibus
1199 1143 1261 1169 meis
1283 1150 1293 1169 :
1318 1141 1441 1168 dissoluor
1465 1141 1576 1175 undique
1601 1149 1647 1168 nec
1675 1149 1777 1176 passum
1805 1141 1873 1176 [om

1079 1187 1146 1223 (ler.
1159 1187 1239 1216 20.7.
1251 1187 1288 1222 9).
1298 1187 1373 1221 Quod
1386 1192 1473 1214 autem
1485 1187 1558 1219 dicit,
1569 1187 1641 1214 hunc
1650 1187 1728 1215 habet
1741 1193 1850 1214 sensum
1864 1195 1871 1214 :

1080 1234 1214 1264 volebam,
1234 1233 1335 1268 inquit,
1358 1241 1373 1260 a
1388 1232 1562 1268 prmdictione
1583 1232 1721 1265 desistere,
1746 1236 1871 1267 propter-

1079 1286 1109 1305 ea
1118 1278 1187 1314 quod
1197 1286 1248 1306 non
1261 1278 1443 1305 auscultabant
1450 1278 1533 1305 Judazi
1543 1281 1583 1305 :et
1595 1277 1672 1305 simul
1680 1281 1757 1312 atque
1766 1278 1817 1305 hoc
1823 1285 1872 1304 co-

1078 1325 1203 1359 gitassem
1216 1344 1224 1357 ,
1241 1324 1316 1351 irruit
1330 1324 1356 1351 in
1372 1325 1487 1351 animam
1501 1331 1587 1351 meam
1600 1324 1709 1358 spiritus
1722 1324 1761 1351 vis
1774 1344 1782 1357 ,
1795 1323 1872 1350 velut

1079 1371 1148 1405 ignis
1160 1390 1169 1403 ,
1183 1370 1323 1405 omniaque
1347 1369 1438 1397 intima
1452 1377 1510 1397 mea
1533 1369 1686 1402 succendit,
1709 1376 1872 1396 consumens

1079 1415 1186 1450 insuper
1196 1436 1203 1447 ,
1220 1419 1247 1443 et
1260 1415 1378 1443 exedens
1389 1422 1449 1442 ossa
1464 1422 1534 1448 mea,
1546 1415 1612 1442 adeo
1627 1419 1655 1442 ut
1669 1414 1820 1442 incendium
1837 1414 1871 1441 il-

1079 1459 1122 1487 lud
1137 1461 1205 1488 ferre
1216 1468 1268 1487 non
1282 1467 1398 1495 possem.
1410 1458 1486 1494 Quod
1506 1460 1528 1487 si
1544 1460 1671 1495 propheta
1686 1460 1730 1495 qui
1749 1460 1871 1495 quotidie

1078 1505 1193 1533 ludibrio
1207 1506 1365 1539 habebatur,
1386 1505 1504 1542 quotidie
1524 1506 1651 1534 conviciis
1666 1504 1870 1538 incessebatur,

1078 1552 1117 1579 sic
1140 1551 1314 1579 discruciatus
1335 1557 1392 1585 est,
1416 1559 1448 1579 eo
1463 1552 1532 1587 quod
1550 1555 1677 1579 statuerat
1700 1552 1779 1579 silere
1794 1560 1802 1579 :
1817 1559 1870 1587 qua

1077 1597 1182 1624 tandem
1197 1605 1245 1625 nos
1256 1598 1330 1625 venia
1341 1597 1411 1632 digiti
1422 1598 1598 1630 censebimur,
1607 1598 1628 1624 si
1639 1597 1683 1632 qui
1695 1597 1812 1624 nondum
1828 1602 1852 1624 ta
1861 1613 1869 1617 -

1077 1642 1103 1670 le
1115 1643 1257 1678 quidquam
1277 1644 1394 1678 perpessi
1410 1651 1501 1670 sumus
1515 1664 1522 1676 ,
1542 1648 1630 1670 tamen
1645 1644 1679 1670 ob
1691 1644 1868 1678 quorumdam

1077 1688 1263 1724 ncgligcntiam
1283 1688 1439 1723 dejiciamus
1460 1689 1576 1715 animum
1589 1709 1597 1721 ,
1617 1693 1643 1715 et
1664 1688 1697 1715 ab
1718 1688 1868 1716 exhibenda

1078 1733 1131 1760 illis
1146 1733 1266 1760 doctrina
1280 1740 1416 1761 cessemus
1425 1754 1432 1767 ,
1445 1734 1560 1761 maxime
1572 1741 1636 1761 vero
1645 1741 1706 1761 cum
1722 1739 1775 1760 tam
1789 1735 1869 1761 multi

1077 1779 1130 1807 sint
1143 1801 1151 1814 ,
1168 1779 1213 1815 qui
1228 1787 1258 1807 se
1272 1780 1390 1814 prmbent
1404 1780 1543 1807 attentos?

1110 1825 1137 1852 2.
1153 1825 1210 1852 Non
1225 1825 1282 1852 haec
1304 1825 1398 1860 loquor
1423 1825 1474 1853 mei
1492 1825 1644 1853 consolandi
1669 1824 1869 1860 deliniendique

1074 1871 1168 1907 gratia.
1182 1871 1248 1899 Nam
1262 1879 1322 1899 meo
1336 1872 1441 1907 quidem
1458 1872 1539 1906 ipsius
1558 1873 1646 1899 animo
1661 1872 1798 1907 persuasi,
1813 1880 1868 1907 quo

1074 1917 1263 1952 adspiravero,
1282 1921 1310 1944 et
1329 1917 1415 1945 donec
1436 1918 1547 1944 Domino
1568 1919 1651 1945 visum
1671 1917 1751 1945 fuerit
1766 1925 1816 1945 nos
1838 1918 1866 1944 iu

1075 1963 1200 1997 praesenti
1226 1963 1278 1990 vita
1293 1963 1394 1990 versari
1404 1983 1411 1995 ,
1427 1963 1477 1990 hoc
1498 1963 1607 1997 implere
1623 1963 1800 1990 ministerium
1813 1983 1821 1992 .
1837 1968 1868 1990 et

1073 2008 1129 2035 sive
1142 2009 1200 2043 quis
1213 2009 1349 2042 attendat,
1371 2009 1427 2036 sive
1438 2016 1489 2035 non
1508 2009 1642 2041 attendat,
1657 2008 1745 2035 facere
1759 2015 1789 2035 ea
1804 2016 1866 2042 quae

1073 2054 1272 2090 prmcipiuntur.
1296 2054 1394 2082 Verum
1416 2055 1540 2089 quoniam
1564 2059 1626 2081 sunt
1652 2054 1789 2087 nonnulli,
1816 2055 1864 2088 qui

1073 2101 1216 2128 multorum
1241 2108 1335 2128 manus
1357 2101 1523 2134 dissolvunt,
1544 2109 1629 2136 neque
1651 2101 1768 2128 contenti
1790 2101 1865 2135 quod

1072 2146 1122 2181 ipsi
1138 2146 1203 2173 nihil
1223 2146 1344 2174 utilitatis
1358 2146 1473 2174 aﬂ'erunt
1487 2147 1547 2173 vita:
1561 2151 1661 2174 nostra:
1671 2167 1678 2179 ,
1700 2146 1779 2174 etiam
1796 2147 1866 2174 alio-

1070 2201 1130 2220 rum
1145 2192 1261 2220 studiutn
1277 2200 1309 2220 ac
1322 2193 1453 2220 fervorem
1466 2192 1619 2228 refrigerant
1632 2193 1724 2220 sannis
1737 2200 1767 2220 ac
1777 2193 1866 2220 dicte-

1070 2239 1117 2265 riis
1130 2259 1138 2271 ,
1153 2238 1215 2266 dum
1229 2239 1302 2266 aiunt
1315 2247 1321 2265 :
1333 2239 1424 2266 desine
1437 2239 1504 2266 bene
1518 2238 1657 2266 consulere
1667 2259 1674 2272 ,
1685 2238 1785 2266 desiste
1799 2246 1862 2266 mo-

1070 2291 1152 2317 nere,
1168 2284 1261 2311 nolunt
1284 2284 1330 2311 tibi
1352 2285 1520 2317 auscultare;
1545 2292 1578 2312 ne
1592 2284 1654 2320 quid
1678 2284 1713 2311 sit
1728 2284 1780 2312 1ibi
1799 2292 1864 2312 eum

1069 2330 1124 2357 illis
1137 2331 1308 2358 commercii:
1329 2331 1452 2366 quoniam
1467 2338 1530 2366 ergo
1545 2335 1607 2358 sunt
1627 2331 1735 2365 quidam
1757 2331 1807 2357 ista
1822 2331 1866 2358 lo-

1071 2380 1184 2410 quentes
1196 2396 1203 2408 ,
1216 2375 1388 2403 inhumanam
1411 2375 1479 2403 hanc
1502 2375 1660 2402 sententiam
1672 2393 1681 2408 ,
1697 2375 1866 2410 insidiasque

1068 2420 1212 2448 diabolieas
1227 2425 1353 2449 excutere
1375 2421 1469 2448 volens
1481 2428 1496 2448 c
1512 2421 1652 2447 multorum
1670 2421 1782 2454 animis,
1799 2421 1865 2456 plu-

1067 2467 1140 2494 ribus
1154 2466 1204 2494 hac
1217 2466 1251 2494 de
1264 2474 1293 2494 re
1307 2467 1419 2494 dissero.
1434 2467 1568 2502 Siquidem
1579 2472 1606 2494 et
1615 2466 1672 2494 hcri
1685 2468 1746 2494 novi
1761 2467 1866 2496 multos

1067 2512 1111 2546 qui
1139 2512 1199 2538 talia
1223 2512 1303 2540 verba
1328 2513 1501 2547 protulerint,
1525 2512 1570 2547 qui
1589 2521 1649 2540 cum
1670 2513 1867 2548 conspicerent

1067 2557 1171 2593 aliquos
1183 2558 1208 2585 in
1223 2566 1342 2594 caupona
1356 2558 1496 2587 detrivisse
1509 2563 1627 2594 tempus,
1650 2566 1711 2586 cum
1724 2559 1779 2586 risu
1796 2566 1866 2586 san-

1067 2604 1160 2639 uisque
1170 2604 1292 2632 dicebant
1308 2614 1315 2632 :
1332 2606 1434 2633 scilicet
1448 2606 1557 2633 omnino
1578 2606 1696 2640 persuasi
1711 2610 1794 2638 sunt;
1812 2613 1866 2633 ue-

1066 2659 1110 2678 mo
1118 2659 1228 2687 prorsus
1240 2660 1386 2688 cauponam
1395 2654 1526 2688 ingressus
1535 2658 1586 2686 est;
1598 2660 1691 2680 omnes
1699 2654 1782 2681 sobrii
1795 2659 1867 2682 sunt

1066 2697 1174 2725 redditi.

1106 2742 1213 2770 Verbum
1228 2752 1324 2779 seraper
1345 2744 1372 2771 in
1395 2745 1481 2780 aliquo
1504 2745 1651 2780 fructi/icui.
1661 2758 1697 2764 —
1707 2743 1776 2778 Quid
1795 2743 1841 2771 ais
1852 2765 1865 2778 ,

1066 2787 1169 2815 homo?
1185 2788 1313 2816 Videlicet
1338 2790 1405 2817 istnc
1418 2790 1527 2824 polliciti
1550 2798 1642 2817 sumus
1655 2810 1663 2823 ,
1680 2797 1728 2816 nos
1744 2796 1797 2816 uno
1816 2789 1868 2816 die

1065 2841 1158 2863 omnes
1172 2834 1229 2862 illos
1242 2835 1291 2863 reti
1305 2837 1448 2872 capturos?
1468 2836 1533 2865 Nam
1545 2837 1567 2864 si
1581 2835 1673 2864 decem
1697 2835 1776 2864 modo
1798 2842 1860 2871 per-
