2045 3116
185 109 235 137 95b

184 165 255 192 suasi
285 164 395 196 fuerint,
412 165 433 191 si
458 169 574 199 qutnqne
595 170 712 196 tantum,
733 165 753 191 si
780 174 868 198 unus;
885 174 973 194 nonne

187 211 263 238 nobis
279 210 330 237 hoc
344 210 442 238 sufﬁcit
456 210 487 236 ad
502 210 732 237 consolationem?
745 210 799 245 ligo
815 219 876 238 vero
886 211 971 239 dicam

185 257 310 292 quiddam
326 257 375 283 hoc
388 257 466 283 etiam
481 255 675 283 vehementius.
692 256 762 283 Pone
775 257 908 284 neminem
922 265 970 284 no-

186 302 246 328 stris
255 301 331 328 dictis
341 300 421 327 fuisse
436 307 603 334 persuasum;
614 308 770 335 quamquam
787 302 810 328 id
824 301 879 329 ﬁeri
894 310 971 329 nllm-

185 354 264 381 quam
276 350 372 381 potest,
382 345 502 372 nimirum
511 350 539 372 ut
546 353 633 372 sermo
641 346 666 372 in
675 350 727 372 tam
737 346 831 373 multas
840 347 974 373 auresdis

185 391 329 419 scininatus
341 395 415 418 vacet
425 391 496 418 omni
509 391 592 418 fructu
605 400 611 417 :
627 397 806 419 verumtamen
825 399 893 427 pone
906 393 972 419 istuc

185 444 244 463 esse
256 456 264 470 ,
278 444 311 464 ne
323 436 362 464 sic
382 436 488 470 quidem
503 436 578 463 nobis
601 436 666 463 nihil
684 435 786 464 adferet
799 437 864 465 lucri
884 445 972 465 sermo

187 486 288 508 noster.

223 526 323 553 Gradus
335 526 370 552 ad
383 527 498 553 virtutem
511 531 545 553 est
555 526 636 553 minus
648 527 806 562 impudenter
818 535 930 562 peccare.
938 540 974 547 -ο

187 571 252 599 Nam
267 571 372 598 etiamsi
388 571 507 599 nonnulli
533 572 643 607 ingrcssi
659 577 719 599 sunt
739 579 902 606 cauponam,
919 580 971 598 non

187 623 273 645 tamen
289 625 349 644 cum
362 617 419 652 pari
433 625 483 652 qua
494 618 583 645 solent
596 618 759 653 impudentia
773 624 835 645 sunt
849 618 970 653 ingressi,

185 663 231 690 sed
245 663 278 690 ad
300 662 384 697 ipsam
406 663 486 690 etiam
502 670 619 701 mensam
634 663 728 691 crebro
749 669 899 691 nostrorum
915 671 973 691 vcr-

189 711 281 736 bornm
293 709 422 737 recordati
437 713 509 742 sunt,
525 709 605 736 subiit
618 709 668 736 illis
684 714 773 737 nostra
787 709 969 744 reprehensio,

189 755 263 782 rediit
277 755 302 782 in
317 755 471 781 memoriam
484 759 572 781 nostra
584 755 731 790 objurgatio
740 776 747 788 ,
758 763 790 783 ac
802 756 973 782 recordantes

189 800 285 828 rubore
297 801 389 827 sulfusi
403 805 481 834 sunt,
504 801 668 828 erubueruut
690 802 769 828 tacita
792 802 951 837 cogitatione
963 824 970 835 ,

189 854 236 874 nec
247 846 327 873 simili
341 846 501 881 impudentia
515 846 633 874 fecerunt
647 855 677 874 ea
693 856 751 882 qute
771 848 901 875 solebant.
918 849 973 876 lloc

189 898 278 920 autem
298 893 399 920 initiunt
424 897 465 920 est
478 893 570 920 salutis
585 894 743 929 optimmque
755 895 924 927 mutationis,
949 896 970 922 si

187 946 266 973 quem
281 939 386 972 penitus
400 938 441 965 sui
461 938 576 973 pudeat,
600 940 620 966 si
635 940 694 974 quis
708 947 817 974 prorsus
838 940 905 968 facta
925 949 971 968 sna

186 983 305 1011 damnet.
328 984 396 1017 Quin
411 991 443 1011 ex
460 984 510 1011 hoc
525 985 633 1025 insuper
644 989 671 1012 et
692 986 763 1012 aliud
779 985 855 1013 nobis
869 986 971 1014 lucrum

187 1037 241 1056 non
259 1030 346 1056 ntinus
360 1030 486 1057 nascitur.
503 1029 642 1064 Quodnam
663 1031 734 1057 hoc?
755 1030 884 1058 Nimirum
908 1031 972 1058 illud

189 1074 260 1108 quod
286 1082 333 1101 eos
356 1075 400 1109 qui
416 1075 589 1102 sobrietatem
602 1075 815 1110 amplectuntur,
837 1075 973 1103 reddimus

188 1120 365 1148 modestiores
378 1121 513 1156 magisque
531 1122 692 1156 compositos
705 1143 712 1156 ,
733 1122 794 1149 dum
808 1130 841 1150 ex
854 1123 973 1150 oratione

187 1171 277 1193 nostra
292 1167 458 1201 declaratur,
479 1168 549 1202 quod
566 1168 672 1202 optimis
692 1169 821 1204 ducantur
839 1169 970 1202 consiliis,

185 1214 229 1248 qui
250 1220 302 1240 non
314 1213 478 1241 abducantur
490 1215 612 1250 exemplo
623 1215 809 1242 multitudinis.
825 1215 882 1242 Non
898 1216 972 1242 erexi

186 1259 294 1293 quidem
307 1263 466 1294 :rgrotantes
479 1281 486 1293 ,
498 1265 614 1288 attamen
627 1268 674 1288 eos
688 1262 731 1296 qui
745 1262 854 1294 valent,
869 1261 971 1288 reddidi

186 1305 337 1338 ﬁrmiores;
352 1313 405 1332 non
427 1305 538 1333 abduxit
556 1305 684 1341 quosdam
706 1314 720 1333 a
736 1307 800 1333 vitio
817 1314 906 1334 sermo
926 1314 973 1334 n0-

187 1356 242 1377 ster
253 1371 260 1382 ,
282 1351 328 1378 sed
345 1356 432 1378 tamen
455 1358 501 1379 eos
514 1351 558 1386 qui
583 1359 642 1378 cum
659 1351 755 1379 virtute
772 1351 852 1378 vitam
873 1356 972 1386 agunt,

186 1396 302 1424 reddidit
311 1398 475 1425 attentiorcs.
489 1398 528 1425 Ad
540 1398 598 1426 hac
607 1398 730 1433 quiddam
741 1398 836 1426 addam
848 1399 953 1427 tertium
964 1407 972 1426 :

189 1442 268 1469 hodie
282 1450 334 1470 non
352 1443 469 1477 persuasi
481 1463 488 1476 ,
501 1444 547 1470 sed
560 1451 618 1471 cras
632 1444 744 1472 fortasse
753 1445 912 1479 persuadere
923 1451 970 1479 p0-

188 1493 256 1515 tero.
279 1487 353 1521 Quod
375 1485 501 1515 similius
525 1496 601 1522 cras,
626 1493 742 1517 attamen
759 1490 905 1524 perendie,
928 1494 974 1516 aut

188 1538 282 1568 quarto
305 1534 339 1560 ab
359 1533 421 1560 hinc
434 1534 478 1560 die
499 1533 618 1561 fortassis
639 1541 808 1568 pcrsuasero.
823 1537 875 1568 Qut
895 1535 973 1562 hodie

186 1578 258 1613 quod
269 1578 368 1605 audivit
380 1579 491 1612 repulit,
505 1586 563 1605 cras
575 1578 694 1605 fortassis
704 1579 792 1606 audiet
804 1587 835 1606 ac
847 1579 972 1613 recipiet:

187 1628 243 1650 tum
258 1624 301 1658 qui
315 1623 443 1650 hodierno
451 1623 670 1658 erastinoquedie
692 1624 898 1658 contempserit.
921 1625 974 1652 for-

187 1669 266 1696 tassis
280 1672 340 1703 post
351 1669 408 1695 dies
429 1669 580 1703 complures
595 1669 723 1703 prmbebit
737 1670 853 1696 animum
869 1670 901 1697 iis
914 1678 973 1705 qua:

188 1714 321 1741 dicuntur.
337 1714 554 1748 Quandoquidem
575 1722 646 1749 sarpe
666 1715 799 1749 piscator,
813 1716 857 1750 qui
871 1724 918 1751 per
933 1721 973 1743 to-

188 1765 243 1786 tum
253 1760 322 1787 diem
332 1768 441 1787 vacuum
451 1760 558 1786 attraxit
570 1765 626 1787 rete
637 1781 644 1793 ,
657 1761 706 1787 sub
719 1766 823 1788 noctem
833 1762 888 1796 jam
901 1762 974 1789 abire

187 1813 299 1840 parans,
316 1810 410 1840 capto,
423 1805 467 1840 qui
482 1806 565 1840 ipsum
584 1814 629 1840 per
644 1811 725 1833 totum
744 1807 872 1834 fefellerat
886 1808 971 1841 diem,

190 1852 279 1885 pisce,
294 1851 416 1878 discedit.
431 1851 506 1884 Quod
521 1851 542 1878 si
563 1851 623 1878 ideo
642 1852 737 1878 victuri
747 1858 842 1878 sumus
860 1851 886 1878 in
900 1853 972 1885 otio,

188 1901 215 1924 et
229 1896 262 1924 ab
274 1897 396 1924 omnibus
412 1896 560 1923 actionibus
573 1896 704 1924 Videbitur
716 1897 899 1925 abstinendum
912 1918 920 1931 ,
941 1905 974 1925 eo

189 1942 259 1978 quod
272 1949 376 1976 semper
395 1943 500 1975 evenit,
519 1947 546 1969 ut
569 1943 664 1970 alicubi
684 1943 842 1971 frustremur
860 1945 973 1979 optatis,

189 1989 312 2016 universa
337 1988 413 2015 nobis
433 1989 541 2024 perierit
556 1990 608 2016 vita
624 1998 632 2016 :
647 1997 696 2016 nec
713 1989 858 2024 spiritualia
876 1990 973 2023 modo,

189 2041 281 2061 verum
295 2034 373 2060 etiam
387 2033 430 2060 illa
445 2041 503 2068 qua:
524 2034 558 2060 ad
574 2034 633 2060 vita:
648 2034 786 2068 prazsentis
806 2042 881 2061 usum
895 2035 976 2068 perti-

189 2084 272 2112 nent,
299 2079 378 2106 simul
400 2079 549 2107 interierint
569 2080 668 2106 omnia.
689 2080 793 2107 Etenitn
815 2081 838 2108 si
861 2081 974 2116 agricola

190 2126 311 2160 protinus
329 2125 363 2151 ab
387 2125 546 2160 agricultura
566 2125 686 2159 resiliat,
709 2126 778 2160 quod
792 2126 874 2154 semel
896 2131 975 2162 atque

191 2172 286 2199 iterum
302 2175 348 2198 aut
360 2171 456 2206 saepius
470 2171 596 2198 acciderit
616 2172 685 2198 aeris
700 2172 880 2206 inmqualitas,
901 2173 974 2200 brevi

192 2217 264 2244 fame
277 2217 423 2251 peribimus
437 2224 541 2244 omnes.
565 2217 630 2244 Item
650 2217 673 2244 si
687 2217 827 2244 nauclerus
841 2217 875 2245 ob
892 2219 974 2245 semel

190 2269 269 2298 atque
288 2263 383 2290 iterum
397 2283 404 2295 ,
421 2267 466 2290 aut
485 2263 582 2298 smpius
594 2263 714 2290 obortam
735 2267 916 2297 tempestatem
933 2263 975 2290 fu-

189 2309 243 2344 giat
266 2316 358 2342 mare,
381 2308 496 2335 futurum
516 2315 571 2340 est,
588 2313 617 2336 ut
638 2316 717 2336 nemo
731 2310 842 2336 vehatur
865 2310 974 2350 pelago,

190 2360 268 2390 atque
278 2355 339 2382 hinc
358 2363 462 2382 rursum
488 2356 611 2389 peribunt
635 2355 711 2382 nobis
724 2357 810 2383 omnia
826 2357 887 2383 vitm
901 2365 974 2383 com-

191 2401 279 2428 moda.
304 2401 381 2435 Quod
400 2402 421 2428 si
441 2409 488 2436 per
501 2402 616 2436 singulas
636 2408 706 2430 artes
731 2411 902 2437 percurrens,
927 2403 976 2431 ista

191 2454 250 2481 quae
273 2455 321 2474 nos
342 2447 428 2475 facere
451 2448 509 2481 vis,
531 2449 659 2478 suadeas.
684 2457 862 2484 monensque,
882 2455 977 2477 cuncta

191 2491 308 2519 funditus
327 2493 488 2525 interibunt,
512 2497 634 2528 terraque
647 2494 747 2521 carebit
768 2494 871 2522 incolis.
887 2494 977 2530 itaque

192 2544 253 2563 cum
267 2536 325 2564 haec
339 2544 434 2564 omnes
455 2538 559 2571 sciant,
574 2538 677 2565 etiamsi
691 2536 778 2566 semef
788 2543 867 2574 atque
882 2539 976 2567 iterum

191 2586 237 2609 aut
261 2583 358 2616 sepius
384 2583 502 2610 frustrati
526 2583 623 2611 fuerint
645 2589 736 2620 optato
758 2586 924 2621 negotiorum
950 2587 976 2614 in

192 2628 289 2663 quibus
313 2634 453 2656 versantur
471 2631 546 2657 exitu
561 2639 568 2658 ε
585 2631 673 2658 dcnuo
687 2631 744 2666 pari
764 2639 824 2658 cum
841 2632 977 2659 alacritate

191 2673 303 2700 redeunt
315 2674 347 2701 ad
359 2675 462 2702 eadem.

233 2718 260 2746 3.
274 2718 339 2753 Quae
350 2727 409 2747 cum
424 2721 500 2748 nobis
510 2721 588 2748 etiam
605 2726 666 2749 nota
680 2722 733 2750 sint
745 2722 848 2755 omnia,
862 2722 979 2750 dilectis-

193 2764 268 2796 simi,
294 2772 328 2792 ne
347 2773 437 2800 qna‘so
463 2766 628 2801 proferamus
653 2767 722 2800 ista,
748 2776 814 2795 ncve
838 2768 976 2800 dicamus,

195 2809 256 2843 quid
273 2810 348 2838 nobis
363 2815 402 2838 est
417 2816 454 2839 tot
469 2812 554 2840 verbis
568 2813 651 2848 opus?
665 2813 740 2840 Nulla
763 2820 794 2840 ex
808 2813 859 2840 hoc
874 2820 976 2840 sermo-

801 110 843 136 DE
863 109 999 138 LAZARO
1017 109 1141 138 CONCIO
1157 112 1178 138 1.

1763 115 1814 141 9Π6

1027 175 1060 193 ne
1076 172 1212 201 prornanat
1229 168 1336 195 utilitas
1349 170 1413 195 Nam
1431 173 1456 195 ct
1469 169 1592 203 agricola,
1609 170 1652 196 ubi
1675 173 1757 198 semet
1772 177 1815 198 at-

1026 220 1077 247 que
1094 213 1188 239 itcrntn
1212 221 1242 240 ac
1267 213 1363 247 sa'pius
1386 221 1477 241 semen
1505 222 1568 240 arvo
1592 215 1741 247 commisit.
1761 223 1812 244 nec

1027 258 1095 284 votis
1114 257 1251 292 respondit
1269 264 1410 292 proi'cntns
1422 279 1429 291 ,
1453 267 1544 286 rursus
1565 259 1686 286 eamdem
1707 265 1814 286 exercet

1027 308 1142 338 segetem
1157 311 1242 338 neque
1264 311 1325 330 rato
1339 303 1381 336 ﬁt,
1397 310 1423 330 ut
1439 304 1520 330 totius
1544 304 1669 338 temporis
1683 304 1813 338 jacturam

1026 357 1079 376 uno
1092 349 1188 376 sarciat
1209 356 1289 376 anno.
1305 349 1348 376 Sic
1365 355 1390 376 ct
1405 350 1553 384 negotiator
1571 358 1730 384 quarnquatn
1754 341 1814 377 cre-

1027 393 1075 421 bro
1090 394 1151 421 fecit
1165 395 1334 429 naufragium
1347 415 1353 427 ,
1370 403 1421 422 non
1443 400 1531 422 tamen
1554 395 1669 422 abstinet
1682 403 1696 422 a
1712 398 1789 429 portu
1803 416 1812 428 ,

1025 440 1071 467 sed
1086 444 1112 467 cl.
1134 443 1305 475 posteaquam
1331 441 1416 467 nat‘im
1432 441 1565 473 detraxit,
1582 445 1617 473 et
1643 445 1735 467 nautas
1747 448 1813 467 con-

1025 485 1118 518 duxit,
1147 486 1266 520 pecuniis
1288 490 1380 513 mnttto
1396 486 1527 520 acceptis,
1542 486 1634 513 eadem
1661 485 1814 520 aggreditur

1024 531 1145 565 negotia,
1161 531 1239 566 idque
1252 539 1311 559 cum
1327 531 1409 558 nihilo
1430 532 1512 566 magis
1529 536 1591 558 tunc
1603 533 1667 559 sciat
1681 531 1816 566 querno-lo

1024 584 1161 603 cessurum
1174 577 1223 610 sit,
1241 585 1318 612 qnam
1338 577 1434 604 scierat
1448 582 1535 605 antea.
1558 578 1674 613 Denique
1694 579 1814 613 quicum-

1025 631 1075 657 que
1090 623 1177 650 solent
1195 623 1302 657 aggredi
1315 631 1370 650 rem
1384 631 1594 658 quamcumque,
1609 623 1643 650 ita
1655 623 1741 650 facere
1754 631 1813 650 con-

1025 673 1166 695 sueverunt
1178 690 1186 702 ,
1201 668 1422 704 quemadmodum
1447 668 1545 696 faciunt
1559 670 1672 704 agricola
1689 677 1720 697 ac
1732 677 1813 704 nego-

1026 715 1113 741 tiator.
1126 715 1159 741 Et
1177 720 1235 749 post
1249 714 1306 742 ha-c
1319 722 1378 742 cum
1396 715 1430 741 illi
1450 719 1548 741 tantam
1564 715 1706 742 adhibeant
1722 722 1812 742 curam

1025 761 1196 795 studiumque
1211 761 1280 788 circa
1295 768 1339 788 res
1359 760 1391 787 ad
1411 761 1546 795 praesentis
1563 768 1637 788 usum
1653 761 1713 787 vitae
1735 761 1814 795 pt‘rti—

1025 810 1117 832 nentes
1127 826 1134 838 ,
1150 806 1211 832 licet
1222 806 1307 832 exitus
1318 805 1351 832 sit
1366 806 1481 832 incertus
1497 813 1504 832 :
1519 812 1568 832 nos
1578 806 1599 832 si
1613 805 1750 841 loquentes
1761 813 1812 832 non

1024 851 1104 877 auditi
1117 850 1242 877 fuerimus
1253 871 1261 884 ,
1274 851 1343 877 illico
1358 850 1528 878 desinemus?
1543 851 1576 878 Et
1589 859 1667 886 quam
1684 851 1814 878 obtinebi—

1026 904 1084 923 mus
1099 896 1223 923 veniam?
1235 895 1302 929 Quid
1313 896 1490 923 excusationis
1502 896 1663 923 afferemus?
1678 896 1710 923 Et
1726 901 1812 923 tamen

1026 942 1077 968 illis
1089 961 1097 973 ,
1112 935 1134 968 si
1150 948 1202 968 non
1218 941 1391 973 successerit,
1407 940 1493 967 nullus
1508 945 1548 967 est
1569 941 1613 975 qui
1628 940 1753 967 damnum
1766 948 1811 967 ac-

1025 992 1130 1022 ceptum
1147 987 1228 1015 leniat
1245 995 1253 1014 :
1269 986 1349 1013 veluti
1369 986 1391 1013 si
1407 994 1479 1013 mare
1492 987 1579 1013 navim
1595 985 1717 1014 ﬂuctibus
1732 987 1812 1014 obru-

1024 1033 1091 1065 erit,
1108 1039 1187 1059 nemo
1210 1031 1357 1059 medebitur
1380 1031 1475 1066 inopia:
1497 1031 1616 1066 naufragi
1632 1039 1640 1058 :
1655 1032 1677 1058 si
1698 1031 1738 1058 vis
1760 1032 1812 1058 itn-

1025 1079 1110 1105 brinm
1126 1077 1207 1105 effusa
1220 1078 1246 1104 in
1260 1085 1351 1104 arvum
1366 1077 1513 1111 praefocarit
1527 1081 1671 1104 sementem
1685 1098 1691 1108 ,
1707 1077 1810 1112 cogitur

1024 1124 1139 1159 agricola
1152 1124 1241 1150 vacuis
1255 1123 1377 1150 manibus
1399 1123 1473 1150 abire
1485 1123 1602 1150 domum.
1616 1122 1711 1149 Nostra
1727 1130 1790 1149 vero
1801 1144 1808 1155 ,

1025 1170 1273 1205 cumloquimuraut
1281 1169 1461 1200 exhortamur,
1471 1174 1569 1195 nonest
1578 1168 1671 1195 eadem
1682 1168 1810 1195 conditio.

1062 1215 1179 1242 Ministro
1207 1214 1290 1246 verbi,
1305 1215 1379 1241 etiam
1398 1213 1421 1240 si
1442 1217 1525 1248 pereat
1544 1221 1636 1248 opera,
1655 1221 1704 1239 non
1728 1217 1811 1239 tamen

1026 1261 1099 1296 periit
1114 1268 1217 1288 merces.
1229 1275 1266 1280 —
1278 1260 1334 1287 lmo
1348 1260 1369 1287 si
1389 1267 1479 1287 semen
1496 1267 1545 1294 per
1559 1264 1584 1286 te
1596 1259 1695 1293 jactnm
1711 1259 1814 1286 auditor

1015 1314 1078 1334 'non
1099 1306 1245 1340 receperit,
1262 1313 1310 1332 nec
1324 1304 1481 1332 obedientiae
1496 1304 1608 1331 fructum
1625 1304 1763 1334 retulerit.
1780 1312 1812 1334 tu

1026 1354 1114 1378 tamen
1135 1349 1320 1378 communicati
1341 1349 1443 1376 consilii
1462 1348 1609 1376 mercedem
1630 1347 1683 1376 fers
1703 1357 1718 1375 a
1738 1349 1811 1378 Deo.

1026 1403 1076 1424 nec
1090 1396 1176 1423 minus
1194 1395 1309 1430 accipies
1323 1395 1424 1430 prtemii
1440 1402 1493 1421 non
1512 1394 1626 1427 auditus,
1642 1402 1720 1429 quam
1734 1401 1808 1421 acce-

1026 1445 1119 1476 pturus
1133 1448 1194 1467 eras
1206 1460 1214 1473 ,
1232 1440 1255 1467 si
1269 1440 1314 1467 ille
1333 1440 1550 1473 obtemperasset.
1564 1439 1639 1473 Quod
1655 1445 1711 1467 erat
1725 1440 1750 1466 in
1767 1444 1792 1467 te
1801 1459 1810 1471 .

1025 1486 1171 1522 praestitisti
1186 1494 1193 1512 :
1207 1489 1331 1514 caeterum
1344 1485 1378 1512 ad
1392 1485 1433 1518 id,
1449 1489 1476 1512 ιιι
1491 1485 1696 1519 persuadeamus
1708 1486 1812 1513 audito-

1025 1531 1099 1559 ribus
1108 1552 1115 1564 ,
1129 1539 1181 1558 non
1196 1537 1288 1558 sumus
1300 1530 1434 1562 obstricti,
1448 1530 1494 1557 sed
1508 1535 1609 1558 tantum
1625 1535 1652 1558 ut
1666 1531 1810 1558 admonea-

1026 1585 1094 1605 tnus.
1111 1577 1215 1605 Nostra:
1227 1577 1333 1612 quidem
1351 1582 1441 1611 partes
1453 1581 1514 1603 sunt
1526 1577 1668 1604 admonere
1680 1599 1688 1610 ,
1705 1577 1810 1604 illorum

1026 1632 1090 1660 vero
1111 1624 1304 1657 obtemperare.
1321 1622 1355 1649 Et
1373 1622 1594 1657 quemadmodum
1616 1623 1637 1650 si
1656 1630 1705 1650 nos
1719 1623 1813 1650 admo-

1026 1670 1106 1697 nendi
1128 1668 1216 1696 ofﬁcio
1239 1668 1320 1696 functi
1340 1676 1392 1696 non
1409 1668 1536 1695 fueritnns
1548 1688 1555 1701 ,
1570 1668 1672 1696 etiamsi
1687 1674 1812 1696 sexcenta

1027 1716 1064 1742 illi
1083 1715 1152 1743 bOna
1172 1722 1253 1749 opera
1273 1714 1419 1747 ediderint,
1441 1714 1504 1748 ipsis
1526 1714 1589 1741 solis
1607 1714 1752 1748 repositum
1772 1719 1815 1741 est

1026 1760 1164 1796 praemium
1177 1781 1184 1793 ,
1199 1760 1232 1787 ad
1248 1767 1296 1787 nos
1309 1760 1373 1787 nihil
1389 1759 1483 1786 redibit
1502 1760 1566 1786 lucri
1577 1779 1584 1792 ,
1601 1759 1813 1794 quandoquidem

1026 1814 1079 1833 non
1099 1806 1220 1833 dedimus
1236 1805 1375 1832 consilium
1392 1813 1398 1831 :
1413 1806 1448 1831 ita
1468 1805 1490 1831 si
1514 1805 1588 1831 nobis
1610 1804 1813 1831 admonentibus

1027 1852 1064 1879 illi
1088 1858 1139 1878 non
1162 1851 1346 1884 auscultarint,
1368 1851 1401 1877 ad
1423 1851 1494 1885 ipsos
1515 1851 1586 1877 solos
1606 1850 1703 1877 redibit
1725 1851 1813 1877 omnis

1028 1898 1111 1930 ultio,
1134 1897 1210 1924 nobis
1231 1902 1318 1924 autem
1341 1896 1406 1923 nihil
1429 1896 1620 1930 imputabitur,
1642 1895 1705 1931 quin
1727 1896 1814 1930 potius

1026 1943 1133 1977 copiosa
1149 1949 1251 1969 merces
1264 1941 1340 1968 nobis
1354 1941 1444 1968 veniet
1462 1949 1476 1967 a
1493 1941 1556 1968 Deo.
1580 1940 1715 1975 Siquidem
1736 1941 1813 1975 quid—

1026 1987 1087 2022 quid
1110 1987 1136 2013 in
1159 1987 1237 2014 nobis
1256 1991 1313 2013 erat
1331 1986 1426 2018 situm,
1451 1987 1629 2020 praestitimus.
1651 1986 1721 2013 Nihil
1742 1986 1814 2013 aliud

1024 2033 1165 2067 jubemur,
1179 2040 1257 2068 quam
1275 2032 1344 2066 apud
1363 2032 1510 2059 mensarios
1529 2032 1661 2065 deponere
1674 2031 1812 2066 pecuniam

1027 2077 1132 2113 (Matth.
1144 2077 1190 2104 25.
1203 2077 1260 2113 Q7),
1274 2078 1343 2111 l0qui
1358 2083 1384 2104 et
1397 2077 1546 2104 consulere.
1563 2077 1684 2111 Loquere
1697 2077 1775 2112 igitur
1786 2082 1814 2104 ct

1027 2123 1140 2150 admone
1155 2122 1274 2150 fratrem.
1287 2123 1384 2149 Verum
1399 2130 1449 2149 non
1463 2122 1572 2149 audivit.
1583 2122 1622 2149 Tu
1635 2122 1717 2149 nihilo
1729 2122 1817 2149 secius

1029 2169 1111 2196 habes
1129 2173 1247 2203 paratam
1265 2169 1430 2200 mercedem,
1451 2169 1472 2195 si
1492 2176 1544 2195 non
1563 2169 1706 2201 destiteris,
1728 2169 1815 2203 prius-

1027 2221 1105 2248 quam
1117 2213 1287 2248 persuadeas,
1296 2213 1381 2240 donec
1393 2215 1511 2248 spiritum
1525 2213 1664 2241 cfﬁaveris.
1676 2214 1815 2241 Terminus

1027 2260 1151 2286 monendi
1170 2259 1204 2286 sit
1217 2259 1367 2286 obedientia
1381 2259 1553 2286 tnonitioncm
1568 2265 1638 2285 tuam
1652 2259 1813 2293 recipientis.

1029 2305 1154 2332 Diabolus
1165 2305 1354 2332 circumcursat
1369 2305 1498 2332 obsistere
1511 2306 1619 2340 cupiens
1633 2310 1733 2332 nostra:
1745 2306 1816 2333 salu-

1030 2350 1047 2376 ti
1058 2369 1066 2381 ,
1083 2357 1134 2376 non
1146 2349 1232 2377 solum
1247 2350 1303 2384 ipse
1315 2350 1380 2376 nihil
1395 2349 1456 2377 hinc
1469 2350 1533 2377 lucri
1548 2355 1686 2384 reportans
1698 2371 1705 2382 ,
1722 2358 1814 2377 verum

1028 2395 1107 2422 etiam
1119 2385 1263 2422 suo-studio
1272 2396 1425 2430 gravissima
1434 2395 1588 2422 detrimenta
1601 2395 1649 2422 sihi
1660 2396 1815 2423 concilians.

1029 2440 1053 2467 is
1067 2444 1154 2467 tamen
1168 2448 1250 2475 usque
1262 2440 1329 2468 adeo
1342 2447 1454 2468 vesanus
1466 2446 1517 2474 est,
1529 2447 1556 2467 ut
1571 2441 1722 2475 frequenter
1733 2446 1760 2469 et
1772 2442 1814 2469 illa

1029 2491 1131 2520 tentet,
1146 2494 1204 2521 quae
1220 2486 1276 2513 ﬁeri
1295 2494 1346 2513 non
1361 2490 1472 2521 possunt
1485 2495 1491 2512 :
1506 2494 1555 2513 nec
1575 2486 1633 2513 illos
1647 2487 1733 2514 solum
1748 2487 1815 2514 ado-

1028 2532 1123 2565 riatur,
1139 2539 1206 2566 quos
1217 2532 1326 2558 omnino
1339 2531 1447 2558 conlidit
1459 2539 1488 2558 se
1504 2531 1728 2565 supplantaturuin
1741 2532 1816 2566 deje<

1028 2583 1193 2612 clarumque,
1207 2585 1299 2604 verum
1313 2578 1391 2604 etiam
1403 2585 1459 2610 eos,
1472 2585 1537 2612 quos
1552 2578 1685 2611 probabile
1696 2582 1738 2605 est
1750 2578 1816 2604 arti-

1030 2623 1078 2650 bus
1088 2623 1171 2658 ipsius
1183 2623 1237 2650 fore
1246 2623 1396 2657 superiores
1416 2623 1508 2657 Itaque
1516 2630 1575 2649 cutn
1585 2623 1687 2650 audiret
1698 2623 1813 2650 laudari'

1028 2669 1078 2698 Job
1094 2670 1127 2697 ab
1139 2677 1172 2697 eo
1184 2689 1190 2700 .
1205 2669 1249 2704 qui
1269 2668 1340 2696 novit
1360 2676 1455 2695 arcana
1469 2668 1557 2695 omnia
1569 2689 1577 2701 ,
1592 2666 1713 2694 nimirum
1736 2668 1791 2696 Deo
1801 2688 1811 2701 ,

1030 2715 1150 2751 sperabat
1164 2715 1230 2746 fore.
1245 2719 1273 2741 nt
1286 2722 1345 2741 eum
1359 2714 1514 2741 subvertere
1527 2717 1615 2747 posset
1631 2722 1637 2740 :
1650 2720 1699 2740 nec
1712 2712 1816 2740 destitit

1030 2762 1118 2789 omnia
1131 2769 1238 2788 movere
1250 2760 1398 2794 molirique,
1412 2766 1465 2794 quo
1477 2760 1656 2793 supplantarct
1668 2758 1813 2792 hominem,

1063 2819 1070 2834 ι
1090 2818 1132 2842 Alii
1142 2821 1205 2848 post,
1217 2816 1329 2846 laudari,
1343 2815 1441 2846 addunt,
1453 2815 1681 2847 admirationemque
1692 2812 1805 2840 oblinere.
