2045 3116
216 113 274 142 9ϋ7

219 181 270 199 nec
290 172 443 208 desperavit
463 175 582 210 impurus
603 175 645 202 ille
665 183 696 201 ac
715 173 936 202 sceleratissimus
955 173 1009 199 ila-—

220 227 282 244 inou
300 227 307 245 ε
324 219 402 254 idth
417 228 476 247 rimi
494 221 562 248 Deus
582 221 652 254 justo
668 220 703 246 illi
725 224 826 247 tantum
847 219 949 246 virtutis
964 227 1012 244 suo

217 263 345 299 sllmttgio
362 266 506 293 ιῑὶὺιιὶδιοι.
531 267 563 293 Et
584 271 641 299 post
661 265 718 292 Ιιίιιίι
740 273 792 292 ιιοη
815 265 1010 295 erubescimus,

223 317 308 343 neque
324 311 424 344 pudore
439 311 625 343 suffundimur,
640 311 682 338 dic
697 311 772 342 milli,
785 311 806 338 si
819 318 879 338 cum
894 311 1013 338 diabolm

222 364 363 391 lIlt'tttl".'llll
377 357 432 391 des;
443 362 499 384 cret
512 362 628 384 nostram
640 358 795 392 perniciem,
807 357 853 384 sed
867 357 1014 384 indesinen-

221 406 260 428 Icr
271 410 328 428 cani
340 407 484 436 exspectet,
498 411 545 430 nos
555 403 664 430 fratrum
674 404 786 431 salutem
798 403 1014 438 despcrabinuis?

219 447 249 473 Ιιῖι
269 451 354 473 tamen
376 448 448 475 illum
467 449 594 481 decebat,
617 449 697 476 etianl
720 450 872 484 priusquam
890 456 1015 484 expertus

220 498 301 523 esset,
317 502 331 519 e
347 493 415 520 lucta
429 494 563 522 abstinere
579 504 585 523 :
601 503 662 522 naui
680 496 747 522 Deus
761 501 817 522 erat
831 496 874 530 qui
891 496 1012 522 testiino-

218 535 289 564 tliiltll
312 538 412 566 ferebat
426 539 458 566 de
477 540 540 574 justi
561 541 668 568 virtute.
691 540 745 568 Nec
763 546 849 568 tamen
866 542 989 568 abstinuit
1004 562 1010 574 ,

224 584 270 610 sed
283 592 336 618 pra:
349 585 429 612 nimio
442 586 540 619 furore,
554 595 607 622 quo
619 587 702 614 fertur
713 587 852 615 adversum
864 595 922 621 nos,
935 588 1014 614 etiam

223 636 282 664 post
297 631 340 658 Dei
358 632 536 660 testiinonium
550 634 674 668 sperabat
689 633 816 667 futurum,
830 639 857 661 llt
871 635 940 661 illius
953 639 1016 660 asta-

223 677 258 702 tis
279 679 497 711 pra~stanlissilno
517 679 574 706 viro
587 680 709 713 superior
728 679 862 706 evaderet.
885 679 1015 706 Cﬂ‘ll'l‘llln

223 723 288 749 nihil
305 727 345 750 est
360 724 411 750 tale
425 745 431 754 .
449 724 518 758 quod
535 733 581 751 nos
598 725 623 751 in
639 725 853 759 desperationem
869 725 976 759 adigat,
991 729 1017 752 et

222 773 310 795 tamen
325 768 485 796 desistimus.
502 771 538 796 Ac
553 770 674 796 diabolus
689 770 794 805 quidem
816 775 922 797 vetante
939 770 992 797 Deo
1008 791 1015 802 ,

221 822 274 840 non
288 813 399 841 discedit
416 822 429 840 a
446 822 531 849 pugna
548 815 686 842 adversum
703 824 750 842 nos
763 819 886 850 suscepta
904 823 910 841 :
928 820 954 841 lli
971 822 1015 841 \e-

219 867 248 884 ro
261 867 320 885 cum
336 859 404 886 Deus
418 858 746 895 mandetexstimulatque
757 860 789 887 ad
804 861 1017 888 subveniendum

219 905 299 940 lapsis
311 927 318 936 ,
335 906 422 932 resilis
441 905 601 941 refugisqile.
620 907 746 934 Audierat
760 907 882 934 diabolus
898 908 1010 942 loquen-

221 956 271 977 lclu
284 952 376 983 Deum,
390 951 472 978 Homo
479 954 574 988 justus,
587 960 672 984 verax,
685 954 774 980 linteas
786 953 876 985 Deum,
887 953 1014 980 abstinens

221 999 250 1024 ob
264 998 331 1024 omni
345 1006 418 1032 opere
432 1000 498 1026 mqu
514 998 583 1033 (Job.
600 1000 624 1026 1.
640 1000 670 1033 8)
683 1020 690 1032 ,
705 1000 828 1035 quodque
844 1001 932 1027 nullus
944 1006 1013 1028 esset

222 1043 258 1069 itli
273 1043 367 1070 similis
378 1052 408 1070 cx
421 1044 463 1077 iis,
476 1045 519 1079 qui
533 1050 594 1071 sunt
604 1053 684 1080 super
695 1050 806 1076 terrain.
819 1050 845 1072 et
856 1051 943 1073 tamen
958 1051 1016 1080 post

195 1123 198 1125 Δ
224 1094 296 1116 tanta
320 1090 434 1125 taliaque
456 1091 554 1125 judicia
578 1092 757 1126 perseveravit
778 1091 868 1119 dicere
885 1101 891 1119 :
908 1092 971 1127 quid
997 1093 1018 1119 si
1045 1097 1047 1099 ‘

224 1134 331 1168 quando
343 1136 516 1169 perpetuitate
531 1136 763 1171 u‘agnitlldineque
774 1137 904 1164 malorum
918 1137 1020 1164 irruen-

227 1181 291 1206 tiinu
314 1180 413 1207 valeam
430 1181 503 1207 illuni
517 1189 644 1216 superare
656 1203 663 1214 ,
679 1187 703 1208 et
720 1182 787 1208 hanc
802 1182 934 1209 excelsam
951 1182 1017 1215 deji-

225 1234 286 1251 cere
302 1226 415 1252 turrim?

261 1271 288 1298 4.
304 1271 370 1305 Quis
383 1271 462 1306 igitur
475 1272 526 1299 erit
539 1272 614 1299 llobis
632 1273 714 1300 venite
730 1273 802 1300 locus
813 1294 820 1306 ,
837 1274 1018 1307 dilectissimi,

223 1323 268 1344 aut
283 1317 348 1352 quid
361 1318 556 1352 excusabimus,
570 1320 591 1346 si
606 1327 665 1346 cum
682 1326 752 1346 tanta
767 1320 798 1347 sit
816 1320 876 1346 mali
891 1320 1020 1347 danunt-is

223 1366 248 1390 ill
268 1369 386 1391 nostrum
398 1364 552 1391 insanientis
573 1366 681 1392 exitium
696 1365 828 1400 vigilantia
842 1387 848 1397 ,
861 1373 954 1392 nosne
967 1371 1018 1392 tan-

223 1412 305 1437 luluul
319 1411 532 1445 quidcursilnilis
555 1412 697 1446 diligentia:
708 1412 848 1439 alfcannns
859 1412 891 1438 ad
904 1412 1016 1438 Salutem

227 1458 338 1484 fratrum
355 1462 524 1489 nostrorum,
540 1458 684 1491 |tt‘.t'sct‘llltl
699 1466 758 1484 cum
778 1458 859 1484 Deum
875 1457 1020 1485 habeamus

226 1503 428 1530 anxiliatorem?
439 1503 528 1538 Itaque
536 1512 595 1529 cum
606 1504 703 1530 vidi-ris
713 1503 820 1530 fratrem
831 1509 903 1530 tuum
914 1504 1019 1537 durum,

224 1548 347 1582 rigidum,
362 1548 521 1584 minimeque
535 1554 677 1582 attentum,
694 1550 736 1576 die
749 1549 817 1584 apud
835 1550 1000 1584 temetipsum
1013 1559 1019 1576 z

225 1594 288 1628 q..id
303 1594 325 1621 si
341 1602 482 1630 progressu
499 1596 627 1629 temporis
642 1595 783 1629 aliquando
799 1595 933 1622 valeamus
948 1596 1020 1622 illillll

225 1639 351 1666 ﬂectere?
367 1640 422 1667 lloe
443 1640 567 1667 nimirum
589 1645 615 1668 et
636 1640 732 1667 Paulus
753 1641 878 1674 prarcepit
893 1651 898 1666 :
915 1641 1022 1667 Servum

227 1684 331 1711 Domini
355 1694 403 1712 non
425 1691 520 1720 oportet
544 1688 657 1722 litigare,
681 1687 724 1713 sed
745 1687 872 1721 placidum
893 1695 945 1713 esse
963 1696 1022 1722 erga

225 1735 337 1762 ttmctos,
355 1731 508 1757 audientem
525 1740 565 1758 cos
578 1732 621 1765 qui
635 1732 751 1758 resistunt
767 1732 874 1764 veritati,
889 1733 1023 1765 siquando

228 1776 268 1802 det
289 1775 340 1802 illis
358 1775 427 1801 Deus
449 1777 618 1810 ptenitcntimn
637 1777 663 1803 in
683 1777 835 1810 agnitionem
857 1777 966 1803 veritatis
983 1778 1022 1811 (2.

227 1820 291 1846 Tim.
303 1820 330 1847 2.
344 1821 388 1847 21.
403 1822 457 1849 251.
472 1823 566 1848 Annon
583 1822 654 1848 vides
669 1827 801 1857 parentes,
813 1823 947 1857 quomodo
960 1824 1021 1850 liliis

226 1867 290 1899 suis,
302 1867 362 1893 licet
376 1866 694 1902 frequenterdesperatis,
705 1869 821 1895 assident
830 1869 1020 1904 lacryulanles,

228 1911 414 1943 lamentantes,
428 1913 621 1945 exosculantes,
634 1913 723 1940 omnia
734 1922 793 1948 qlue
807 1919 918 1948 possunt
929 1915 1021 1942 admo-

231 1963 325 1984 umtcs
338 1958 371 1984 ad
391 1965 544 1992 supremum
561 1967 642 1994 nSquc
657 1959 788 1987 halitum?
804 1960 859 1987 lloc
875 1965 902 1987 tu
919 1968 1024 1996 qunque

229 2003 310 2030 facuo
324 2011 373 2038 pro
389 2003 525 2031 fratribus.
542 2005 573 2031 L‘t
591 2010 678 2032 tamen
694 2006 730 2032 illi
744 2014 796 2033 non
812 2012 924 2042 possunt
936 2007 1022 2042 lacry-

228 2048 278 2074 mis
289 2056 320 2075 ac
333 2048 455 2076 lamentis
467 2058 553 2084 neque
568 2051 687 2078 morbum
698 2051 842 2086 depellere,
855 2059 942 2087 neque
952 2060 1024 2079 mor-

227 2097 280 2120 tem
295 2093 475 2122 imminentem
492 2095 608 2128 abigere.
625 2097 665 2123 Tu
681 2104 744 2124 vero
758 2096 912 2132 frequenter
925 2099 1024 2132 poteris

227 2139 341 2165 nnilnalu
350 2139 513 2174 deploratam
523 2141 676 2168 aSsiduitate
684 2142 860 2177 instantiaque
869 2151 915 2177 per
924 2144 1020 2171 lamen-

227 2188 253 2210 ta
274 2191 399 2212 rei'ocire
412 2192 444 2212 ac
454 2186 593 2213 suscitare.
611 2187 708 2214 Dedisti
723 2189 863 2216 consilium
875 2210 882 2221 ,
897 2197 946 2217 nec
959 2198 1020 2225 per-

231 2229 348 2260 suasisti,
364 2226 509 2265 illacryma,
526 2239 611 2265 punge
625 2232 786 2266 frequenter,
799 2242 830 2261 ac
842 2235 945 2269 suspira
961 2244 1025 2270 pall-

231 2273 310 2300 luluiu
324 2295 331 2306 ,
351 2279 381 2300 ut
399 2279 442 2301 tua
459 2275 609 2303 sollicitudo
627 2277 736 2304 incutiat
757 2279 793 2306 illi
814 2281 999 2308 verecundiam
1015 2302 1022 2313 ,

233 2319 320 2353 itaque
335 2327 364 2346 se
378 2325 515 2347 convertat
528 2321 560 2348 ad
577 2323 703 2351 Salutem.
717 2324 784 2358 Quid
801 2334 864 2359 ergo
876 2326 950 2354 solus
966 2335 1026 2362 pns-

231 2373 288 2391 si-m
309 2365 434 2393 efficere?
454 2366 543 2401 Neque
565 2369 635 2395 enim
660 2370 778 2404 quotidie
802 2371 878 2399 vobis
901 2373 1026 2399 omnibus

231 2411 305 2436 solus
317 2411 410 2437 adesse
427 2413 500 2437 valeo
513 2434 519 2444 ,
537 2422 621 2448 neque
636 2417 752 2450 suppetit
769 2417 832 2444 mihi
848 2417 957 2445 facultas
972 2441 978 2451 ,
996 2425 1024 2446 ilt

231 2456 305 2483 solus
321 2464 382 2484 cum
399 2463 468 2485 tanta
485 2460 616 2494 disputem
633 2462 811 2490 multitudine.

268 2500 360 2528 Frater
372 2502 477 2537 [mtrem
491 2505 574 2532 trahat
586 2507 620 2532 ad
630 2507 745 2534 salutem.
756 2523 791 2528 —
799 2509 928 2536 (Σωιρνιιιιι
944 2511 965 2537 si
979 2519 1026 2538 vos

232 2547 319 2574 velitis
332 2548 402 2575 inter
414 2557 461 2576 vos
475 2551 532 2577 aliis
545 2551 656 2579 aliorum
670 2554 760 2587 partiri
775 2562 865 2581 curam
879 2556 981 2588 salutis,
995 2564 1026 2583 ac

233 2597 349 2620 vestrum
358 2594 469 2629 quisque
480 2603 559 2622 unum
571 2598 706 2632 suscipere
714 2599 822 2626 fratrum
833 2601 1024 2635 neglecturum,

232 2638 305 2666 illico
318 2640 395 2667 nobis
406 2647 540 2669 cresceret
553 2643 703 2671 :editicatio.
717 2645 749 2672 Et
760 2645 821 2680 quid
834 2647 928 2674 attinet
938 2647 1027 2676 dicere

231 2685 265 2712 de
282 2686 332 2718 iis,
349 2687 393 2721 qui
415 2692 473 2721 post
493 2689 602 2716 multam
622 2695 650 2717 et
668 2690 797 2718 diutinam
818 2693 1024 2721 admonitionem

232 2732 334 2766 seipsos
344 2733 377 2759 ad
389 2734 528 2761 meliorem
540 2734 641 2770 frugem
654 2737 801 2772 recipiunt?
810 2738 900 2774 Neque
911 2741 981 2766 enim
993 2741 1027 2767 ab
1037 2752 1044 2757 ν

232 2776 302 2810 illis,
318 2778 396 2805 etiam
411 2779 432 2806 si
450 2785 603 2808 tenerentur
617 2781 802 2811 imluedicabili
817 2785 927 2817 morbo,
945 2794 1025 2820 opor-

234 2828 301 2851 teret
313 2824 443 2854 deistere
453 2847 460 2860 ,
481 2835 566 2862 neque
581 2837 671 2856 curaui
685 2830 818 2866 alijicere,
836 2832 939 2860 etialllsi
953 2838 1026 2860 certo

576 118 603 145 S.
625 117 763 145 JOANNIS
782 115 1019 144 αιῖιιγεηυςιυλιι
1042 114 1200 142 Alitillllil‘.
1221 114 1489 143 CONSTANTINOP.

1809 111 1869 140 968

1068 174 1253 208 pratsciremus
1266 173 1394 207 futurum,
1409 178 1437 201 lit
1450 178 1508 208 post
1521 174 1629 202 multam
1642 174 1867 206 sollicitudinem.

1067 220 1231 254 multamque
1244 219 1388 247 adhibitam
1401 220 1620 252 admonitionem,
1638 221 1720 248 nihilo
1736 225 1794 256 plus
1807 221 1831 248 si
1840 225 1867 246 nt

1068 262 1221 296 profecturi.
1237 262 1312 296 Quod
1332 263 1353 289 si
1370 263 1428 290 lnrc
1442 263 1526 290 oratio
1542 263 1616 290 voltis
1630 263 1734 292 videtur
1748 265 1864 291 incredi-

1069 307 1129 334 bilis
1142 327 1150 340 ,
1166 315 1214 342 age
1226 328 1234 340 ,
1248 315 1281 334 ex
1298 307 1373 334 factis
1388 308 1519 343 dictisque
1533 308 1630 336 Christi
1646 309 1788 336 reddemus
1801 317 1865 337 eam

1067 354 1233 381 credibilem.
1247 353 1312 381 Nam
1326 362 1374 381 nos
1385 354 1491 389 quidem
1503 355 1587 390 ignari
1598 362 1690 382 sumus
1701 355 1862 383 futurorum.

1069 400 1140 427 unde
1162 408 1211 427 nec
1234 400 1378 434 dijudicare
1400 408 1540 435 possumus
1560 400 1593 428 de
1614 401 1646 428 iis
1665 401 1708 436 qui
1731 402 1841 440 audiual
1854 421 1862 432 ,

1069 452 1155 472 utrlun
1175 446 1382 480 obtemperaturi
1405 446 1459 473 sint
1478 446 1555 474 dictis
1576 447 1675 474 nostris
1687 467 1694 480 ,
1711 455 1742 473 au
1759 455 1837 474 secus
1855 455 1863 473 :

1068 491 1191 518 Christus
1205 495 1294 518 autem
1310 499 1369 518 cuni
1385 491 1442 518 ha-c
1458 496 1570 527 utraque
1583 494 1666 527 probe
1681 497 1772 520 nosset
1783 514 1790 526 ,
1808 501 1863 519 non

1067 539 1183 566 cessavit
1195 538 1227 565 ad
1241 543 1388 565 extremum
1403 546 1486 573 usque
1498 539 1633 574 corrigere
1647 539 1719 566 illum
1731 561 1737 571 ,
1754 539 1797 574 qui
1808 538 1862 565 sibi

1070 593 1122 611 llttll
1138 590 1209 611 (‘SSCI
1223 585 1427 612 ﬁllﬁCllilllllll‘US.

1105 631 1198 657 Christi
1211 639 1270 666 erga
1283 630 1378 656 ludum
1394 631 1492 658 lenitas.
1504 646 1539 651 ——
1548 630 1638 666 Itaque
1649 639 1709 658 cum
1724 631 1804 658 sciret
1813 631 1861 657 Ju-

1069 675 1130 702 dam
1143 684 1196 702 non
1212 681 1364 703 revocatum
1382 677 1413 703 iri
1426 684 1439 702 a
1458 677 1617 711 proditione,
1634 685 1686 704 non
1703 683 1789 704 tanien
1804 685 1864 703 ces-

1071 722 1139 748 savit
1163 722 1275 749 assiduis
1297 723 1429 753 consiliis,
1453 723 1577 755 monitis,
1601 723 1746 756 beneﬁciis,
1772 724 1865 755 minis,

1070 767 1176 794 demum
1190 767 1261 794 omni
1275 767 1403 794 doctrinm
1418 767 1508 802 specie
1520 775 1534 794 a
1548 768 1696 803 proditione
1712 769 1862 798 retrahere.

1071 821 1119 840 nec
1135 813 1235 841 destitit
1255 813 1329 841 illum
1343 814 1419 842 dictis
1433 822 1482 842 ceu
1505 814 1580 841 freno
1595 815 1730 842 cohibere.
1747 815 1802 842 Hoc
1816 823 1867 842 au-

1071 864 1123 886 tem
1143 859 1204 886 fecit
1219 867 1267 886 nos
1280 860 1431 893 instituens,
1448 865 1476 887 llt
1490 861 1593 888 etiamsi
1610 861 1780 895 prmscialnus
1791 860 1866 887 filiu-

1071 914 1139 937 rum,
1154 911 1181 933 ut
1201 906 1297 933 fratres
1312 914 1364 933 non
1378 907 1574 941 obtemperent,
1591 911 1679 934 tamen
1694 907 1821 942 quidquid
1839 907 1868 933 in

1072 957 1162 978 nostra
1179 952 1257 978 fuerit
1273 951 1397 979 facultate
1420 958 1587 987 pra-stcnnis,
1616 958 1749 988 tamquam
1772 960 1867 988 parata

1072 997 1149 1024 nobis
1179 997 1368 1024 admonitionis
1394 1003 1491 1025 nostra:
1516 998 1650 1025 mercede.
1686 998 1750 1026 Vide
1775 1005 1866 1025 autem

1071 1048 1168 1078 quanta
1188 1043 1354 1077 assiduitate,
1369 1050 1521 1079 quantaque
1545 1045 1673 1079 sapientia
1695 1045 1768 1072 illum
1787 1046 1867 1072 colli-

1073 1091 1132 1117 Iluci
1140 1091 1167 1117 il.
1186 1090 1256 1118 Unus
1265 1096 1373 1118 vestrum
1386 1099 1424 1118 me
1435 1092 1581 1125 proditurus
1589 1097 1624 1118 est
1635 1091 1742 1127 (Matth.
1751 1091 1796 1118 9.6.
1806 1091 1837 1118 2|
1845 1092 1867 1124 ).

1073 1137 1110 1163 Δρ
1125 1145 1246 1163 rursum:
1267 1136 1326 1162 Non
1340 1137 1371 1162 de
1390 1137 1504 1163 omnibus
1524 1137 1591 1163 vobis
1612 1138 1710 1171 loquor,
1733 1138 1790 1164 novi
1804 1146 1869 1172 quos

1074 1182 1236 1217 clrgiann.
1262 1183 1303 1209 l5.
1333 1182 1386 1217 18).
1409 1183 1442 1209 Et
1457 1191 1463 1208 2
1488 1182 1560 1209 Unus
1574 1191 1605 1209 ex
1620 1183 1686 1209 vobis
1702 1184 1818 1210 diabolus
1831 1190 1868 1209 ut

1074 1227 1163 1262 (.lotm.
1179 1228 1204 1255 6.
1221 1229 1275 1259 7|).
1293 1228 1423 1255 Sustinuit
1436 1236 1529 1255 omnes
1543 1229 1568 1255 in
1583 1237 1709 1264 angorem
1727 1229 1866 1260 inducere,

1073 1282 1106 1300 ne
1126 1274 1245 1308 vulgarct
1267 1274 1441 1309 proditorem,
1464 1282 1494 1301 ac
1519 1275 1656 1301 manifesta
1680 1274 1869 1309 redargutiozzl-

1073 1319 1197 1346 redderet
1206 1320 1285 1346 etiam
1301 1319 1533 1354 ilupudeutioreln.
1545 1319 1610 1346 Nam
1621 1325 1648 1347 ut
1658 1320 1787 1355 intelligas
1796 1320 1869 1355 quod

1073 1365 1131 1392 aliis
1145 1366 1223 1392 etialn
1237 1373 1363 1400 angorem
1376 1370 1402 1392 et
1415 1370 1513 1393 metum
1525 1365 1664 1400 injccerint
1675 1366 1772 1393 Christi
1785 1366 1869 1396 dicta,

1073 1410 1135 1437 licet
1150 1411 1198 1438 sibi
1211 1411 1308 1438 nullius
1320 1411 1382 1438 mali
1396 1412 1521 1445 consciis,
1533 1411 1594 1438 audi
1607 1411 1741 1446 quomodo
1751 1412 1864 1446 quisque

1073 1457 1168 1483 anxius
1182 1457 1247 1484 dixit
1263 1467 1268 1483 :
1286 1457 1416 1492 Numquid
1430 1466 1474 1492 rgo
1488 1466 1554 1490 sinit,
1576 1457 1683 1484 Domine
1698 1458 1804 1493 (Matth.
1819 1458 1868 1484 iii.

1073 1503 1140 1537 22)?
1155 1503 1245 1538 Neque
1259 1512 1321 1531 vero
1336 1504 1413 1530 dictis
1428 1509 1539 1537 tantum,
1554 1513 1646 1531 velum
1664 1510 1688 1531 et
1705 1504 1780 1531 factis
1796 1506 1870 1532 illilnl

1074 1549 1211 1584 corripuit.
1232 1549 1297 1575 Cum
1321 1550 1390 1576 enim
1417 1550 1605 1584 benignitatem
1625 1559 1699 1576 suam
1716 1550 1870 1585 frequenter

1074 1603 1104 1621 ac
1127 1595 1213 1621 modis
1236 1595 1360 1622 omnibus
1382 1595 1552 1627 declarasset,
1572 1595 1692 1630 leprosos
1711 1596 1869 1626 eluundans.

1075 1639 1209 1666 lla-inolics
1225 1641 1343 1674 abigens,
1358 1646 1472 1674 a-grotos
1486 1648 1591 1671 sanans,
1607 1645 1726 1668 tuortuos
1739 1642 1868 1674 excitans,

1077 1686 1234 1720 patalytieos
1250 1686 1408 1716 ιὐ›ιὶιιιοιιε;
1424 1685 1539 1712 breviter
1550 1694 1608 1712 cum
1621 1687 1744 1713 omnibus
1765 1686 1869 1713 benef.)-

1075 1731 1167 1762 cissct,
1184 1731 1316 1757 nemini-nl
1334 1735 1421 1758 tamen
1437 1731 1529 1765 puniit,
1541 1740 1646 1765 semper
1658 1731 1759 1758 habens
1774 1732 1798 1758 iii
1809 1740 1865 1762 ore.

1077 1775 1138 1802 Non
1153 1777 1208 1802 veni
1224 1781 1249 1802 ut
1258 1776 1370 1810 judicent
1392 1777 1526 1807 nium/uin;
1542 1776 1586 1802 sed
1600 1781 1626 1802 ut
1640 1785 1735 1802 servem
1750 1778 1869 1803 munitum

1077 1821 1165 1855 (Jouu.
1180 1821 1221 1848 19..
1238 1822 1292 1855 47).
1307 1821 1344 1849 Ne
1356 1827 1459 1856 putaret
1473 1822 1650 1857 Judasgquod
1664 1827 1766 1850 tantum
1780 1829 1868 1850 nosset

1077 1867 1244 1898 benefacere,
1261 1867 1355 1901 punire
1371 1875 1433 1894 vero
1448 1875 1623 1902 nequaquam,
1642 1873 1669 1895 et
1683 1868 1751 1895 hanc
1765 1877 1870 1903 quoque

1078 1917 1178 1946 partem
1195 1912 1279 1946 ipsum
1303 1912 1404 1945 docuit,
1427 1912 1550 1940 videlicet
1566 1913 1635 1948 quod
1656 1915 1749 1948 punire
1771 1921 1868 1949 passi-l,

1077 1958 1258 1992 supplicioque
1271 1958 1378 1985 afficere.
1394 1963 1544 1992 peccantes.

1113 2004 1130 2031 5
1163 2004 1246 2037 Quare
1259 2004 1374 2031 Christus
1386 2013 1443 2030 cum
1451 2005 1566 2031 omnibus
1580 2005 1734 2040 bencfrccrit,
1747 2006 1868 2032 uenti-mn

1077 2049 1186 2084 punierit
1201 2049 1226 2075 in
1242 2049 1322 2075 terris.
1333 2064 1367 2068 —
1378 2050 1414 2075 Ae
1436 2050 1497 2076 vide
1515 2058 1593 2084 quam
1617 2051 1753 2084 sapienter
1764 2056 1791 2078 et
1803 2059 1867 2077 com

1078 2099 1204 2128 gruenter
1219 2095 1269 2122 lloc
1294 2095 1382 2130 etiam‘
1400 2094 1536 2121 docuerit:
1552 2103 1601 2122 nec
1624 2100 1711 2123 tamen
1737 2096 1869 2123 hominem

1077 2141 1228 2176 quempiam
1246 2141 1368 2175 punierit,
1393 2141 1574 2176 supplicioque
1595 2141 1725 2169 alfeccrit.
1744 2143 1792 2177 Qui
1814 2143 1871 2169 sic?

1079 2186 1113 2214 Ul
1126 2187 1270 2222 discipulus
1285 2187 1409 2222 puniendi
1430 2187 1581 2215 facultatem
1603 2189 1628 2215 ill
1643 2197 1675 2215 eo
1687 2197 1754 2223 cogn
1768 2197 1871 2216 secret.

1081 2234 1185 2260 Etenim
1197 2234 1218 2260 si
1229 2242 1306 2268 quem
1319 2234 1448 2268 punisset,
1457 2242 1546 2261 secum
1559 2242 1675 2269 pugnare
1686 2235 1760 2262 visus
1770 2235 1857 2261 ftliSM‘l
1868 2255 1876 2265 ,

1079 2280 1123 2314 (ιυὶ
1137 2280 1255 2306 dixerat:
1272 2279 1331 2306 Non
1347 2280 1401 2306 veni
1417 2285 1442 2306 ut
1451 2280 1564 2314 judicrm
1578 2281 1710 2313 mundum,
1726 2282 1770 2307 sed
1783 2287 1808 2308 ut
1822 2290 1873 2307 srr-

1079 2334 1133 2352 vem
1144 2325 1265 2352 mundum
1281 2325 1369 2361 (Joau.
1386 2325 1427 2353 12.
1442 2326 1497 2360 47).
1514 2326 1626 2353 Rursum
1639 2327 1660 2353 si
1674 2328 1806 2354 nemiuem
1825 2334 1857 2359 pu
1867 2344 1876 2348 -

1080 2371 1172 2403 uisset,
1187 2371 1328 2398 mansisset
1338 2371 1523 2405 incorrigibilis
1532 2371 1686 2406 discipulus,
1699 2373 1748 2400 nisi
1762 2378 1786 2399 et
1799 2370 1851 2398 fact
1866 2379 1880 2396 s

1079 2416 1323 2444 didicissetilliesse
1331 2417 1453 2450 puniendi
1468 2416 1628 2444 facultatem.
1640 2417 1772 2450 Quorsum
1781 2419 1852 2453 igitn:
1864 2419 1875 2442 ‘t

1118 2462 1191 2492 Ficui
1205 2470 1282 2496 quare
1295 2463 1462 2489 ntalcdia‘erit.
1474 2478 1508 2482 —-
1523 2463 1556 2490 Ut
1569 2464 1648 2490 simul
1664 2469 1688 2490 et
1705 2469 1819 2491 terreret
1833 2466 1876 2490 dl-~

1081 2509 1223 2543 scipulunl,
1237 2516 1269 2535 ne
1283 2516 1330 2542 per
1342 2513 1522 2543 eonteluptum
1538 2509 1613 2536 fieret
1625 2510 1753 2541 deterior,
1772 2518 1820 2537 nec
1834 2512 1877 2537 ul-

1081 2555 1121 2581 lus
1136 2561 1224 2581 tamen
1241 2554 1377 2580 hominum
1394 2554 1572 2588 atlliclionenl,
1585 2563 1702 2588 poenam,
1717 2561 1763 2583 aut
1773 2557 1877 2592 suppl:-

1079 2601 1150 2628 cium
1166 2605 1308 2635 pateretur,
1325 2601 1349 2627 ill
1362 2602 1438 2627 lii-nul
1451 2601 1571 2628 arborem
1583 2601 1704 2628 Christus
1718 2602 1787 2629 lianc
1800 2610 1876 2630 suam

1081 2652 1238 2682 potestatem
1254 2647 1382 2679 exercuit,
1399 2647 1506 2674 dicens:
1524 2647 1565 2674 Ne
1580 2649 1684 2681 post/mc
1697 2656 1728 2675 ea:
1739 2653 1762 2675 te
1776 2649 1878 2683 [ructus

1080 2698 1200 2720 nascatur
1216 2691 1322 2728 (Matth.
1335 2693 1380 2719 21.
1400 2692 1453 2728 l9),
1465 2701 1578 2727 eamque
1593 2701 1652 2720 mox
1664 2693 1780 2728 simplici
1794 2694 1878 2721 verbo

1081 2739 1199 2766 arefccit.
1218 2739 1273 2765 lloc
1287 2744 1365 2773 pacto
1380 2739 1475 2765 factum
1497 2744 1538 2766 est
1553 2739 1661 2774 pariter,
1676 2744 1705 2766 ut
1720 2739 1787 2767 nihil
1800 2747 1879 2766 noxa:

1081 2786 1180 2813 rediret
1193 2785 1225 2812 ad
1241 2786 1324 2812 ullum
1345 2786 1490 2819 hominem,
1513 2792 1541 2814 et
1562 2787 1618 2821 ipse.
1638 2795 1713 2813 suam
1730 2789 1878 2821 potentiam

1084 2832 1240 2866 declararet,
1260 2833 1375 2862 vindicta
1399 2833 1424 2860 ill
1446 2834 1568 2863 arborem
1585 2835 1706 2869 i-npacta.
1727 2834 1880 2870 Discipulos
