2045 3116
196 140 248 171 βτῖῦ

198 203 284 225 a'tlcm
298 197 319 224 si
338 197 396 225 haec
411 196 651 226 animadvertisset,
676 198 807 230 ingentem
830 204 860 223 cx
878 196 926 223 liae
941 197 981 223 ul-

198 244 270 271 tione
283 243 398 278 cepisset
411 242 559 270 utilitatem.
581 240 632 269 Sed
659 245 745 268 tamen
771 249 803 268 ne
825 241 864 268 sie
878 241 983 276 quidem

200 293 335 316 torrectus
350 292 400 315 est.
415 287 535 314 Christus
545 291 633 315 autem
650 286 773 321 praescius
781 291 807 313 et
815 286 865 313 hoc
875 292 984 314 eventu-

202 341 271 367 rum,
287 341 339 362 non
353 334 404 360 hoc
425 337 536 364 tantum,
553 340 645 359 verum
660 333 739 360 ctiam
753 332 823 360 aliud
837 332 887 360 hoc
903 333 987 359 multo

203 380 288 414 majus
302 378 399 406 eﬂecit.
415 378 479 405 Cum
494 377 587 412 gladiis
607 381 633 404 et
654 377 767 404 fustibus
786 377 879 404 annali
895 383 989 404 manus

203 425 229 452 in
245 425 330 459 ipsum
351 427 476 458 pararent
498 423 607 457 injicere
626 422 719 456 Judaei,
737 427 791 449 tum
815 423 874 450 illos
897 428 992 449 omnes

204 469 357 497 excmcavit.
374 469 400 496 ld
416 469 485 500 enim
511 468 664 501 declaravit,
687 476 746 495 cum
768 467 868 495 diceret
885 474 893 495 :
911 467 990 500 Quem

202 515 314 548 quwn'ris
337 513 425 550 (Joan.
453 514 495 541 18.
511 513 557 549 4)7
579 513 643 541 Cum
660 513 729 542 enim
744 513 825 540 Judas
841 513 1008 548 frequenter'

205 562 331 589 dixisset:
349 559 416 593 Quid
435 561 508 587 vultis
530 561 591 587 milii
611 560 680 592 dare,
703 565 725 587 et
745 568 791 595 ego
812 559 879 586 vobis
893 559 992 586 tradant

204 615 260 633 eum
277 606 380 642 (Matth.
395 606 440 633 26.
456 606 518 640 15)?
538 605 582 633 ille
599 606 690 633 volens
704 605 802 633 Judzeis
821 604 990 639 persuadere,

206 652 415 686 discipulumque
426 651 534 684 docere,
546 659 575 679 se
590 651 721 678 volentem
731 650 763 678 ad
778 655 888 678 mortem
902 650 952 682 ire,
967 654 994 676 ct

207 697 297 725 omnia
312 697 393 732 ipsius
405 705 476 730 esse,
492 705 541 724 nec
555 697 629 724 Juda:
643 697 742 724 malitia
756 697 851 723 victum
864 696 915 723 huc
925 695 992 729 adigi

208 744 335 778 potuisse,
358 745 416 778 ipso
438 744 572 778 proditore
593 751 652 770 cum
677 743 781 770 caeteris
802 742 924 775 omnibus
946 742 994 768 ad-

209 794 304 822 stante,
317 789 404 823 Quem,
418 789 510 824 inquit,
521 789 650 824 quu'rilis?
659 789 730 816 Itane
741 796 790 814 non
800 791 910 815 noverat
918 794 995 822 quem

209 840 267 863 erat
283 836 450 871 proditurus?
466 836 519 863 Sed
545 836 671 863 Dominus
693 836 839 862 obea'carat
853 835 921 862 illius
934 842 998 862 oeu-

211 882 261 914 los,
277 889 324 908 nec
336 881 360 908 id
375 881 470 913 solum,
483 889 572 908 verum
585 881 664 908 etiam
676 888 768 908 onmes
784 880 832 907 hac
844 887 909 907 voce
923 887 998 907 resu-

213 927 316 961 pinatos
329 926 426 960 dejecit
447 927 472 953 in
489 931 596 958 terram.
620 926 670 953 Ubi
692 933 756 953 vero
770 933 819 953 nec
833 933 863 952 ea
882 933 924 952 res
939 925 998 951 illos

216 972 330 1001 reddidit
351 973 531 1003 humaniores,
549 980 634 1006 neque
648 972 805 999 sceleratum
821 971 893 998 illum
906 978 919 997 a
936 978 998 1005 pro-

213 1017 314 1045 tlitione
328 1018 470 1051 revocavit,
480 1017 527 1045 sed
540 1017 726 1052 perseverabat
739 1016 901 1048 insanabilis,
918 1024 950 1043 ne
961 1016 1000 1042 sic

215 1064 320 1098 quidem
333 1064 464 1091 alienatus
476 1068 516 1091 est
531 1063 665 1096 Dominus,
683 1070 735 1098 quo
753 1062 841 1090 minus
856 1069 949 1089 rursus
962 1061 1000 1088 illi

216 1116 270 1136 tum
285 1109 507 1142 benevolentiam,
525 1113 578 1136 tum
592 1116 682 1136 curam
698 1108 872 1143 impenderet.
885 1107 936 1134 Sed
953 1115 1001 1141 age

215 1155 365 1188 considera,
382 1163 460 1190 quam
478 1160 626 1189 opportune
648 1154 828 1190 impudentem
843 1157 932 1188 tangat
943 1153 1000 1178 ani-

216 1209 298 1233 mum,
312 1206 339 1232 et
353 1209 384 1228 ea
396 1201 526 1236 loquatur,
541 1208 599 1236 quze
612 1200 652 1228 vel
665 1207 772 1228 saxeam
782 1204 895 1227 tuentem
905 1201 1004 1233 queant

217 1248 349 1276 emollire.
375 1247 480 1274 Etenim
502 1247 580 1274 simul
604 1250 683 1281 atque
702 1246 783 1273 Judas
799 1245 957 1272 accessisset
970 1243 1002 1270 ad

217 1303 278 1323 eum
293 1294 468 1325 osculaturus,
483 1293 545 1328 quid
559 1293 613 1320 ait?
624 1293 705 1326 Juda,
719 1291 805 1319 osculo
813 1291 908 1318 Filium
920 1291 1003 1317 homi-

219 1341 258 1367 nis
273 1339 357 1376 prodis
371 1339 445 1374 (Luc.
455 1338 500 1365 22.
515 1338 580 1374 48)?
594 1338 648 1366 Nec
662 1338 717 1374 ipsa
731 1337 889 1373 proditionis
903 1336 1005 1371 species

219 1385 346 1420 pudorem
358 1384 468 1411 incutit?
480 1384 543 1411 Haec
555 1388 643 1411 autem
658 1383 763 1411 dicebat
783 1387 876 1410 taxans
892 1389 923 1409 ac
936 1389 1005 1416 pun-

207 1438 284 1464 .gens
297 1430 380 1462 illum,
401 1429 571 1464 pristinaeque
585 1428 825 1456 commonefacieus
836 1427 1006 1456 consuetudi-

221 1475 271 1502 nis.
286 1476 409 1502 Attamen
425 1482 484 1501 cum
506 1474 626 1501 Christus
641 1478 693 1501 tam
716 1474 799 1501 multa
819 1478 874 1500 tum
889 1473 1005 1506 fecisset,

222 1527 276 1547 tum
292 1520 411 1552 dixisset,
428 1521 472 1547 ille
487 1524 574 1546 tamen
589 1519 670 1547 niltilo
682 1519 765 1546 factus
780 1523 821 1554 est
834 1519 937 1552 melior,
954 1526 1007 1545 non

221 1567 293 1601 qitod
308 1574 398 1602 parum
414 1571 485 1594 esset
498 1570 593 1602 potens
602 1566 646 1601 qui
661 1566 794 1598 monebat,
812 1565 859 1592 sed
879 1565 949 1600 quod
965 1565 1008 1592 ille

223 1620 326 1640 vecors.
351 1613 474 1640 Christus
494 1617 582 1639 autem
605 1619 665 1640 cum
681 1613 737 1640 hrcc
750 1613 838 1639 omnia
863 1612 1006 1647 prtesciret,

223 1667 275 1686 non
289 1659 366 1686 desiit
381 1663 467 1685 tamen
480 1658 514 1686 ab
528 1658 603 1685 initio
617 1666 700 1692 usque
712 1658 744 1685 ad
757 1658 834 1685 linem
849 1665 923 1687 suam
936 1657 1010 1684 exhi-

223 1705 288 1732 bere
300 1704 500 1738 benignitatem.
515 1703 547 1730 Et
561 1710 608 1730 nos
623 1703 701 1738 igitur
713 1710 771 1730 cum
781 1702 837 1730 haec
848 1702 1008 1735 noverimus,

224 1750 405 1783 dilectissimi,
430 1749 557 1776 debemus
577 1749 781 1784 infatigabilitcr,
809 1756 841 1776 ac
864 1756 912 1783 per
933 1754 1011 1775 omne

226 1801 330 1831 tempus
340 1796 434 1823 fratres
445 1800 550 1822 nostros
561 1795 693 1830 neglectos
706 1796 836 1822 instruere
848 1801 879 1822 ac
891 1786 1010 1828 monere,

226 1842 329 1869 etiamsi
351 1842 415 1869 nihil
437 1849 470 1869 ex
484 1841 665 1869 admonitione
686 1841 786 1868 fruetus
806 1840 841 1868 sit
854 1840 1011 1868 rediturum.

229 1889 331 1915 Etenim
348 1889 369 1915 si
383 1888 509 1914 Dominus
524 1887 568 1922 qui
584 1891 752 1922 prarnoverat
775 1886 926 1921 hujusmodi
939 1885 1011 1913 futti-

229 1942 286 1961 rum
300 1938 434 1966 eventum,
449 1933 499 1961 hac
513 1941 575 1960 usus
597 1937 638 1960 est
657 1932 835 1960 sollicitudine
855 1938 918 1966 erga
941 1938 1012 1964 eum,

229 1981 274 2015 qui
298 1980 363 2007 nihil
385 1979 485 2007 fructus
499 1979 599 2006 laturus
612 1983 670 2006 erat
693 1986 725 2006 ex
749 1978 948 2008 admonitione:
963 1985 1013 2012 qua

230 2026 337 2054 tandem
351 2025 427 2052 venia
443 2025 514 2060 digni
529 2025 657 2052 fuerimus
670 2033 726 2057 nos,
739 2024 772 2056 si,
784 2032 843 2051 cum
856 2024 971 2051 incertus
981 2024 1015 2051 sit

232 2071 308 2098 nobis
323 2077 412 2097 rerum
433 2073 553 2100 eventus,
576 2069 642 2096 adeo
664 2069 789 2096 socordes
804 2069 932 2097 fuerimus
944 2068 1015 2095 circa

232 2117 345 2152 proximi
367 2116 490 2147 salutem,
505 2119 563 2149 post
575 2122 653 2142 unam
669 2119 748 2149 atque
769 2115 878 2146 alteram
893 2113 1015 2141 admoni-

234 2164 332 2190 tionem
347 2170 393 2189 eos
407 2161 575 2188 deserentes?
597 2160 714 2196 Denique
736 2164 834 2195 printer
858 2160 915 2187 lucc
929 2159 1016 2187 omnia

233 2217 292 2244 qua:
303 2209 372 2236 dicta
386 2213 459 2241 sunt,
473 2209 552 2235 etiam
567 2207 630 2242 quid
646 2207 671 2234 in
686 2207 761 2234 nobis
772 2206 836 2241 ipsis
843 2206 1019 2233 aceidateon-

234 2254 392 2286 sideremus,
408 2257 560 2288 reputantes
570 2253 639 2287 quod
649 2259 708 2280 cum
721 2252 801 2279 Deum
814 2252 890 2279 nobis
900 2252 1018 2286 quotidie

236 2299 392 2334 loquentem
402 2306 450 2333 per
459 2298 611 2333 prophetas,
621 2305 668 2332 per
678 2298 812 2332 apostolos
822 2298 965 2324 oscitanter
973 2305 1020 2325 au-

235 2345 350 2378 diamus,
364 2344 433 2372 haud
448 2349 534 2372 tamen
548 2344 645 2371 desiuit
657 2344 698 2371 vel
711 2344 855 2378 appellare,
871 2344 912 2370 vel
923 2343 1020 2370 docere

237 2392 351 2419 rebelles
365 2398 508 2425 parumque
528 2395 653 2417 attentos.
670 2390 739 2424 Quin
754 2394 781 2417 et
796 2389 892 2416 Paulus
913 2389 1019 2421 clamat,

237 2439 328 2464 dicens
341 2446 347 2464 :
362 2436 413 2463 Pro
425 2436 522 2463 Christo
536 2436 657 2471 legatione
672 2435 810 2470 fungimur,
826 2433 1021 2471 tamquant_Deo

239 2491 282 2517 per
293 2490 337 2508 nos
348 2482 499 2513 obsecrante,
513 2489 631 2515 rogamus
643 2489 687 2516 pro
700 2480 806 2513 Christo,
828 2478 1022 2506 reconciliamini

239 2527 293 2554 Deo
306 2527 344 2561 (2.
359 2527 417 2553 Cor.
431 2527 458 2553 5.
472 2526 528 2562 20).
541 2526 616 2559 Quod
629 2527 650 2553 si
664 2526 803 2554 dicendum
815 2525 911 2559 aliquid
922 2532 1021 2552 novum

239 2577 267 2600 et
274 2571 467 2604 admirandum,
476 2571 545 2599 haud
557 2572 717 2600 tantumdem
726 2571 811 2601 laudis
821 2576 936 2598 meretur
949 2571 971 2597 is
979 2570 1023 2605 qui

241 2619 347 2654 praescit
360 2618 485 2652 futurum,
501 2623 528 2646 ut
548 2619 570 2645 is
585 2619 628 2654 qui
643 2618 782 2646 consilium
805 2617 900 2652 accipit
919 2617 1023 2644 obtem-

242 2668 325 2700 peret,
341 2668 420 2698 atque
432 2664 467 2690 ita
481 2664 507 2690 in
522 2663 684 2690 consulendo
695 2666 855 2698 perseverat,
868 2666 992 2696 quantum
1002 2661 1024 2689 is

241 2710 286 2745 qui
299 2710 452 2744 frequenter
472 2709 606 2743 loquutus,
629 2709 779 2744 frequenter
801 2708 917 2736 adhibita
938 2708 1024 2735 moni-

244 2756 325 2787 tione,
342 2755 482 2781 frustratus
496 2759 547 2787 cst,
563 2763 612 2782 nec
625 2755 663 2781 sic
675 2759 761 2782 tamen
775 2754 898 2781 destitit.’

279 2800 344 2828 Plui
352 2805 459 2828 uteretur
471 2801 512 2835 qui
525 2805 596 2826 curat
609 2800 780 2826 insanabilem.
790 2815 824 2819 —
835 2799 899 2826 Nam
911 2799 1025 2833 priorem

244 2845 318 2872 illum
333 2852 394 2880 spes
407 2845 500 2874 futurae
512 2845 638 2874 auditoris
651 2845 839 2880 obsequi-aliae,
861 2844 964 2873 etiamsi
982 2852 1024 2872 sc-

805 140 846 167 DE
858 139 994 168 IAZARO

1059 137 1133 166 NClO
1152 137 1173 164 l.
1766 136 1818 164 9'70

1036 197 1179 231 gnissimus
1196 197 1283 228 fuerit,
1295 196 1392 223 excitat
1407 195 1439 222 ad
1452 194 1566 222 officium
1575 194 1748 222 admonendi:
1759 201 1822 221 σου-

1037 250 1077 270 tra
1093 243 1135 271 hie
1148 250 1208 270 cum
1224 242 1328 270 assidue
1343 245 1458 272 moneat,
1475 247 1523 268 nec
1537 239 1669 273 audiatur,
1683 246 1732 267 nec
1744 246 1776 266 eo
1785 243 1824 266 ta-

1039 299 1098 318 men
1113 289 1232 321 desistat,
1254 287 1438 315 fervidissinm
1462 286 1599 321 cujusdam
1624 293 1656 314 ae
1680 285 1824 312 verissimae

1039 337 1158 364 caritatis
1181 338 1365 369 argumentum
1382 332 1489 367 prmbct,
1507 332 1551 367 qui
1574 339 1633 359 cum
1649 331 1719 358 nulla
1745 330 1823 357 simili

1040 390 1087 417 spe
1101 382 1196 412 alatur,
1212 385 1299 407 tamen
1315 379 1349 405 ob
1369 378 1421 405 vitii
1440 377 1538 404 amoris
1560 383 1621 410 erga
1645 375 1753 403 fratrem
1774 382 1826 401 non

1041 428 1138 456 desinit
1152 427 1221 454 illius
1236 433 1313 460 agere
1328 431 1429 451 curatn.
1443 422 1541 450 Verum
1563 429 1616 449 nou
1636 426 1760 455 oportere
1779 426 1828 446 nos

1044 480 1168 508 umquam
1182 471 1310 499 desistere
1325 477 1339 496 a
1354 477 1416 496 cura
1428 469 1573 503 lapsorum,
1588 466 1691 494 etiamsi
1707 465 1829 500 prmscia-

1044 527 1103 546 mus
1118 518 1178 546 illos
1190 517 1266 544 nobis
1280 523 1333 543 non
1346 515 1586 549 obtemperaturos,
1602 511 1706 539 abunde
1716 510 1828 538 demon~

1044 570 1155 592 stratum
1169 567 1220 590 est.
1234 562 1362 596 Superest
1375 564 1403 586 ut
1425 560 1457 586 ad
1479 566 1571 586 eorum
1593 556 1830 592 reprehensionem

1045 616 1220 640 transeatmts,
1235 607 1278 642 qui
1292 605 1394 633 deliciis
1409 604 1553 639 indulgent.
1568 603 1656 629 Donec
1668 602 1737 629 enim
1752 601 1830 627 dura-

1045 656 1079 683 rit
1101 655 1150 681 hoc
1174 654 1281 684 festum,
1304 652 1389 678 donec
1410 649 1546 678 ebrietatis
1570 648 1678 675 vulnera
1701 646 1831 674 mentibus

1046 701 1212 728 ebriosorum
1230 697 1353 725 inllixcrit
1368 696 1497 728 diabolus,
1512 698 1617 729 oportet
1633 698 1660 721 et
1675 700 1723 720 nos
1736 692 1829 719 admo-

1048 755 1109 774 vere
1124 745 1249 773 reiucdia.
1483 740 1487 749 ‘

1083 793 1109 820 6.
1132 791 1192 819 llcri
1204 790 1308 825 quidem
1322 789 1429 816 Paulum
1441 788 1493 815 illis
1504 786 1676 822 Opposuimus
1690 785 1831 812 dicentem:

1050 838 1109 865 Sive
1123 837 1206 868 editis,
1222 835 1272 862 sive
1285 834 1377 866 bibitis,
1392 833 1443 860 sive
1456 833 1525 860 aliud
1540 832 1631 867 facitis,
1644 831 1727 857 omnia
1738 830 1763 856 in
1778 830 1834 864 glu-

1049 885 1113 910 riam
1129 883 1173 909 Dei
1193 882 1268 916 facile
1283 881 1320 916 (Ι.
1343 880 1402 906 Cor.
1422 879 1464 906 10.
1487 878 1544 912 5i).
1569 877 1651 904 lludie
1666 883 1728 903 vero
1751 875 1835 910 ipsum

1051 929 1125 957 Pauli
1142 928 1281 956 Dotninum
1296 927 1347 954 illis
1362 926 1537 961 proferemus,
1561 931 1614 950 non
1639 922 1719 949 modo
1742 929 1837 948 consu-

1052 977 1149 1004 lentem
1174 979 1219 1002 aut
1242 977 1393 1001 monentem
1414 979 1429 998 ξι
1451 971 1552 998 deliciis
1576 969 1720 1000 abstinere,
1745 975 1838 994 verum

1053 1023 1130 1050 etiam
1147 1021 1317 1048 insultantem
1331 1026 1362 1045 ac
1382 1017 1533 1052 punientem
1548 1023 1619 1046 eum,
1637 1013 1682 1048 qui
1696 1013 1721 1040 in
1737 1011 1839 1039 deliciis

1053 1070 1166 1096 vixerat.
1179 1067 1245 1095 Nam
1259 1065 1369 1093 historia
1384 1064 1418 1091 de
1432 1063 1514 1091 divite
1528 1070 1558 1089 ac
1578 1061 1687 1092 Lazaro,
1708 1059 1794 1094 deque
1809 1057 1840 1084 iis

1054 1123 1112 1150 qua:
1127 1113 1230 1148 utrique
1243 1111 1406 1141 acciderunt,
1422 1108 1488 1136 nihil
1501 1106 1572 1134 aliud
1587 1113 1665 1141 qttam
1682 1104 1732 1131 ltoc
1747 1103 1840 1131 declav

1055 1165 1105 1186 rat.
1120 1159 1186 1192 Quin
1208 1158 1304 1193 potius,
1325 1163 1360 1183 ne
1380 1155 1475 1182 leviter
1497 1153 1548 1180 hoc
1561 1156 1607 1178 aut
1621 1151 1707 1178 obiter
1720 1156 1840 1184 agamus,

1055 1207 1149 1234 ordine
1170 1205 1245 1233 vobis
1269 1204 1351 1238 ipsam
1375 1200 1526 1236 parabolam
1550 1197 1737 1226 recitabimus:
1759 1194 1842 1221 Homo

1055 1252 1157 1286 quidam
1181 1255 1233 1277 erat
1256 1249 1334 1280 dives,
1350 1251 1371 1274 ct
1385 1246 1534 1273 induebatur
1547 1251 1659 1279 purpura
1678 1249 1706 1267 ac
1721 1241 1804 1275 bysso,
1819 1243 1842 1266 et

1057 1299 1204 1335 epulabatur
1228 1295 1337 1332 quotidie
1357 1292 1497 1329 splendide.
1520 1291 1584 1317 Erat
1606 1293 1688 1316 autem
1716 1286 1842 1313 ntendicus

1057 1332 1160 1380 quidam
1181 1342 1281 1369 nomine
1294 1340 1415 1371 Lazarus,
1432 1338 1474 1374 qui
1483 1336 1584 1372 jaccbat
1605 1335 1630 1362 in
1645 1332 1763 1360 vestibulo
1776 1332 1844 1358 illius

1057 1391 1194 1422 ulcerosus,
1208 1388 1357 1423 cupiensque
1374 1383 1485 1411 saturari
1501 1383 1531 1409 de
1543 1380 1614 1408 micis
1628 1387 1684 1415 quin
1699 1377 1843 1405 decidebant

1059 1445 1071 1463 θ
1085 1443 1170 1462 mensa
1184 1422 1277 1460 divitis.
1293 1430 1345 1460 Sed
1357 1435 1381 1458 et
1396 1437 1469 1456 canes
1483 1428 1610 1459 adeuntes,
1626 1422 1845 1458 circumlingebant

1059 1482 1144 1509 ulcera
1162 1488 1217 1515 eius
1236 1478 1312 1514 (Luc.
1328 1477 1370 1506 16.
1388 1474 1443 1512 19).
1458 1474 1538 1509 Cujus
1551 1472 1634 1508 gratia
1657 1469 1784 1497 Dominus
1800 1475 1845 1502 per

1060 1527 1198 1564 parabolas
1220 1526 1343 1560 loquutus
1357 1523 1402 1556 sit,
1424 1526 1452 1548 et
1468 1527 1548 1555 quam
1562 1517 1676 1545 tamdcm
1692 1516 1726 1543 ob
1739 1522 1846 1543 causam

1060 1559 1095 1602 ex
1109 1572 1240 1608 parabolis
1249 1559 1315 1598 alias
1324 1568 1430 1603 quidem
1439 1563 1621 1600 explicavcrit,
1632 1562 1698 1589 alias
1708 1567 1761 1587 non
1773 1559 1846 1586 item:

1061 1624 1087 1647 ct
1104 1604 1228 1654 quidnam
1245 1616 1280 1643 sit
1294 1613 1426 1649 parabole,
1441 1616 1467 1639 et
1481 1611 1503 1637 si
1517 1617 1565 1645 qua
1580 1613 1641 1636 sunt
1654 1607 1730 1642 hujus
1744 1604 1848 1640 generis

1062 1666 1123 1698 alia,
1140 1665 1166 1691 in
1182 1661 1252 1690 aliud
1268 1667 1372 1694 tempus
1386 1656 1591 1687 rescrvabimus,
1603 1661 1635 1680 ne
1645 1653 1678 1680 ab
1693 1654 1848 1686 argumento

1064 1695 1134 1738 nunc
1145 1711 1254 1744 urgente
1264 1705 1451 1740 digrediamur.
1463 1702 1593 1729 Caeterum
1607 1698 1670 1732 illud
1685 1697 1763 1724 modo
1776 1695 1850 1722 vobis

1063 1757 1182 1784 dicemus
1202 1754 1227 1781 in
1243 1750 1393 1787 prmseutia,
1409 1748 1467 1785 quis
1484 1745 1704 1782 evangelistamm
1717 1741 1851 1776 scripserit

1065 1801 1132 1829 hanc
1146 1786 1297 1836 parabolam
1310 1804 1324 1823 a
1338 1795 1445 1824 Christo
1459 1794 1539 1821 fuisse
1549 1789 1722 1828 propositam?
1730 1787 1794 1821 Quis
1803 1786 1834 1821 igi
1845 1801 1852 1806 α

1064 1853 1108 1875 tur
1122 1832 1219 1874 is'est?
1233 1843 1363 1871 Nimirum
1384 1841 1470 1868 Lucas
1491 1832 1804 1873 soluszquandoquidem
1826 1836 1852 1859 et

1066 1893 1117 1921 hoc
1127 1892 1195 1920 scire
1205 1890 1296 1922 refert,
1308 1887 1378 1923 quod
1390 1887 1458 1914 inter
1468 1893 1498 1913 ea
1509 1892 1567 1919 quae
1578 1883 1727 1911 referuntur
1735 1880 1769 1907 ab
1777 1887 1852 1907 evan-

1066 1937 1177 1973 gelistis,
1190 1935 1240 1962 alia
1253 1935 1374 1962 dicantur
1385 1937 1400 1958 a
1410 1935 1522 1968 quatuor
1535 1927 1722 1959 communiter,
1733 1925 1784 1952 alia
1794 1931 1853 1959 spc-

1068 1983 1157 2010 ciatim
1168 1989 1182 2007 a
1196 1980 1317 2015 singulis.

1107 2026 1272 2061 Evangelime
1277 2031 1323 2051 cur
1329 2031 1379 2050 non
1387 2022 1475 2049 omnia
1481 2019 1632 2053 εενὶρδενυιι
1639 2016 1853 2053 cadam—Quam

1069 2075 1103 2102 ob
1116 2071 1242 2101 causam?
1265 2070 1298 2098 Ut
1314 2069 1392 2097 simul
1405 2072 1433 2096 et
1451 2067 1526 2094 nobis
1544 2068 1616 2093 esset
1629 2062 1777 2091 necessaria
1792 2061 1855 2089 reli—

1069 2127 1182 2155 quorum
1195 2124 1268 2145 sacra
1279 2115 1367 2148 lectio,
1379 2119 1406 2141 et
1416 2113 1551 2141 evidenter
1562 2110 1698 2146 perspicua
1709 2110 1784 2136 fieret
1794 2107 1853 2134 illo-

1071 2173 1129 2193 rum
1140 2164 1210 2191 inter
1221 2163 1291 2197 ipsos
1301 2159 1482 2189 consonantia.
1499 2157 1603 2184 Etenim
1620 2155 1643 2183 si
1661 2161 1753 2181 omnes
1767 2152 1854 2180 omnia

1070 2210 1206 2241 dixissent,
1223 2213 1389 2242 nequaquam
1408 2204 1441 2231 ad
1455 2207 1548 2231 omnes
1566 2209 1625 2228 cum
1638 2199 1727 2228 studio
1740 2198 1855 2225 animum

1072 2255 1271 2289 adjecissemus,
1288 2258 1347 2278 eum
1363 2256 1431 2276 unus
1451 2248 1484 2275 ad
1503 2247 1591 2275 omnia
1604 2244 1721 2273 docenda
1740 2242 1858 2271 suile-cis-

1071 2288 1125 2335 set;
1146 2300 1186 2327 sin
1205 2303 1293 2326 autem
1314 2303 1406 2324 otnnes
1429 2295 1533 2322 diversa
1554 2292 1642 2320 omnia
1661 2295 1741 2325 atque
1759 2288 1858 2316 variata

1072 2345 1251 2382 protulissent,
1268 2348 1432 2377 nequaquam
1446 2338 1556 2374 insignis
1576 2337 1679 2364 illorum
1694 2334 1858 2372 apparuisset

1072 2378 1222 2418 concordia.
1249 2388 1416 2421 Quapropter
1435 2389 1463 2412 et
1483 2391 1576 2411 omnes
1589 2380 1765 2409 communiter
1778 2378 1858 2405 multa

1073 2436 1245 2470 scripserunt,
1260 2438 1286 2460 et
1294 2432 1342 2459 sibi
1358 2431 1468 2466 quisque
1479 2428 1584 2464 proprie
1599 2426 1710 2461 sumpsit
1722 2423 1858 2451 nonnulla.

1075 2469 1216 2515 llociigitur
1224 2478 1286 2505 illud
1297 2476 1418 2511 est,quod
1428 2483 1474 2510 per
1482 2473 1632 2509 parabolam
1641 2472 1719 2498 docet
1729 2469 1859 2497 Christus.

1075 2527 1159 2553 Homo
1171 2524 1276 2560 quidam
1291 2528 1347 2550 erat
1361 2522 1434 2549 dives
1445 2541 1451 2552 ,
1468 2521 1542 2553 cujus
1556 2519 1606 2545 vita
1622 2517 1702 2544 variis
1722 2516 1792 2542 vitiis
1805 2519 1861 2541 erat

1075 2571 1208 2606 inquinata
1219 2591 1226 2602 ,
1247 2576 1295 2596 nec
1312 2569 1368 2603 ipse
1381 2572 1466 2594 tamen
1486 2565 1565 2592 ullam
1584 2563 1714 2591 sentiebat
1728 2561 1862 2589 calamita-

1076 2623 1145 2649 tem,
1170 2623 1260 2643 verum
1283 2614 1319 2641 illi
1339 2617 1430 2640 cuncta
1450 2611 1521 2638 velut
1540 2617 1555 2637 c
1577 2609 1691 2636 f0ntibus
1708 2607 1861 2638 affluebant.

1076 2662 1151 2697 Quod
1164 2662 1233 2689 enim
1245 2660 1282 2687 illi
1293 2659 1358 2686 nihil
1370 2657 1494 2685 acciderit
1505 2655 1619 2683 subitutu
1633 2659 1677 2680 aut
1689 2653 1861 2687 inopinatum,

1078 2716 1127 2735 nec
1141 2708 1190 2734 ulla
1206 2706 1305 2733 doloris
1320 2704 1439 2732 materia.
1461 2709 1511 2730 nec.
1520 2701 1601 2728 ullum
1616 2700 1641 2726 iu
1658 2699 1737 2725 rebus
1752 2696 1862 2723 munda-

1079 2753 1119 2780 nis
1133 2751 1337 2781 incommodum,
1355 2750 1405 2777 hoc
1420 2749 1504 2783 ipsum
1525 2745 1734 2781 aperuitLueas,
1753 2742 1860 2769 dicens:

1078 2798 1215 2824 lmtabatur
1228 2801 1254 2824 et
1272 2795 1401 2830 gaudebat
1416 2792 1541 2828 quotidie.
1558 2790 1688 2818 Cancrum
1703 2788 1773 2824 quod
1786 2788 1862 2814 vitio-

1080 2852 1135 2871 sam
1149 2843 1231 2878 egerit
1251 2842 1340 2874 vitam,
1355 2840 1520 2875 pcrspicuum
1535 2843 1572 2865 est
1587 2845 1619 2864 ex
1636 2837 1692 2871 ipso
1705 2840 1764 2862 Viue
1780 2835 1863 2866 exitu,
